3125 4692
1443 262 1532 342 29

395 475 402 486 ‘
533 466 662 534 Sed
715 478 859 533 c'um
913 467 1283 555 significatio
1329 470 1506 535 vocis
1560 469 1756 534 nimbi
1810 491 1848 533 a
1894 467 2119 534 Servio
2174 467 2362 536 allata
2417 454 2621 534 adhuc

359 599 578 664 parum
622 577 916 663 probata,
972 573 1087 640 sed
1140 583 1352 640 tamen
1405 574 1488 640 ad
1542 597 1797 641 sensum
1848 597 2105 660 prorsus
2160 574 2627 640 accommodata

362 684 462 764 sit,
508 684 615 748 alii
660 680 1030 769 anquirendi
1076 691 1224 748 sunt
1266 682 1407 763 loci,
1453 682 1699 768 quibus,
1744 679 1914 766 quod
1953 680 2212 746 Servius
2260 679 2437 761 dixit,
2480 705 2627 768 pro-

359 790 572 870 betur,
626 811 848 856 vocem
900 789 1097 854 nimbi
1151 789 1340 854 etiam
1391 787 1473 853 de
1525 788 1771 875 fulgore
1826 786 2098 872 quodam
2158 786 2281 852 dici
2324 789 2627 875 potuisse.

355 895 434 960 cf.
482 895 639 960 Aen.
681 895 810 962 IX.
863 898 1008 960 110.

675 984 806 1048 Hic
852 985 1124 1071 primum
1167 1005 1336 1049 nova
1378 984 1488 1049 lux
1533 983 1732 1048 oculis
1780 981 2019 1048 offulsit
2064 992 2129 1054 et
2173 983 2393 1069 ingens

677 1091 882 1160 Visus
929 1090 1008 1155 ab
1054 1113 1278 1155 aurora
1322 1090 1562 1155 caelum
1607 1098 2026 1154 transcurrere
2072 1088 2340 1170 nimbuS,
2453 1085 2457 1090 ’

362 1197 470 1262 ubi
503 1220 725 1264 vocem
754 1197 951 1263 nimbi
995 1205 1254 1284 propter
1290 1219 1382 1277 ea„
1427 1218 1587 1282 quae
1619 1194 2014 1275 antecedunt,
2058 1217 2232 1260 nova
2278 1199 2394 1262 lum
2424 1199 2628 1262 oculis

364 1305 621 1388 offulsit
662 1327 789 1369 non
835 1303 1150 1388 intellege,
1194 1303 1320 1368 nisi
1365 1302 1444 1368 de
1490 1303 1735 1388 fulgore
1767 1300 2041 1388 quodam
2070 1301 2300 1367 dicitur
2309 1327 2326 1384 3
2372 1326 2515 1368 nam
2546 1303 2627 1368 de

361 1410 662 1475 imbribus
730 1417 839 1475 aut
893 1411 1372 1476 obscurantibus
1435 1410 1708 1476 nubibus
1777 1407 1947 1473 dicta
2007 1430 2145 1474 esse
2211 1432 2336 1474 non
2399 1416 2628 1496 potest,

362 1537 503 1580 cum
545 1539 750 1602 neque
803 1517 988 1582 imbri
1041 1525 1258 1582 coorto
1312 1517 1424 1582 lux
1479 1517 1676 1582 oculis
1730 1537 2025 1600 umquam
2082 1515 2383 1603 offulgeat
2425 1538 2628 1603 neque

359 1622 588 1687 imbres
619 1630 788 1687 recte
836 1622 1082 1687 caelum
1125 1632 1548 1689 transcurrere
1597 1622 1901 1702 dicantur,
1945 1621 2136 1687 immo
2181 1621 2263 1688 de
2310 1623 2481 1688 caelo
2528 1645 2629 1690 ca-

357 1726 505 1793 dere
515 1751 534 1809 ;
600 1728 895 1814 Heynius
960 1751 1208 1816 quoque
1263 1728 1346 1794 ad
1400 1729 1565 1794 Aen.
1609 1728 1703 1793 H.
1761 1731 1887 1793 616
1946 1726 2261 1809 concedit,
2314 1727 2435 1794 hoc
2487 1729 2627 1794 loco

358 1835 639 1901 nimbum
682 1835 762 1900 de
809 1837 976 1901 clara
1018 1837 1250 1901 nebula
1294 1834 1533 1900 dictum
1580 1857 1737 1900 esse.

535 1941 776 2006 Tamen
831 1943 1101 2008 fortasse
1157 1965 1362 2008 errare
1419 1941 1669 2008 cuidam
1712 1939 1937 2006 videor
1990 1941 2351 2028 respicienti
2405 1965 2627 2008 versus

360 2047 522 2128 illos,
567 2049 793 2134 quibus
841 2048 1136 2131 Ovidius,
1170 2056 1317 2114 met.
1347 2049 1547 2118 XIV.
1584 2051 1709 2114 530
1744 2070 1876 2132 sqq.
1920 2047 2088 2112 hunc
2116 2048 2393 2134 Vergilii
2420 2050 2628 2115 locum

361 2155 701 2240 expressit;
745 2177 892 2219 nam
936 2155 1025 2221 ibi
1072 2160 1153 2240 (v.
1203 2159 1351 2239 543)
1396 2156 1652 2242 legitur:

681 2261 844 2327 Cum
889 2262 1149 2327 saliente
1193 2285 1420 2348 graves
1467 2261 1828 2326 ceciderunt
1870 2259 2172 2347 grandine
2215 2261 2430 2328 nimbi.

537 2367 668 2433 Sed
712 2377 921 2433 tamen
967 2368 1087 2434 hoc
1131 2368 1284 2434 mihi
1330 2391 1458 2434 non
1502 2377 1634 2432 tam
1677 2390 1869 2453 grave
1914 2366 2185 2448 videtur,
2229 2377 2302 2432 ut
2347 2367 2629 2434 dubitem

367 2471 445 2538 de
493 2472 1008 2560 interpretatione
1038 2497 1179 2540 mea
1206 2475 1397 2540 modo
1428 2475 1674 2562 prolata
1759 2474 1926 2538 Nam
1968 2473 2078 2538 illo
2122 2474 2262 2538 loco
2309 2474 2629 2540 Ovidiano

362 2581 613 2646 omnino
669 2603 800 2646 non
865 2589 1154 2646 accurata
1207 2579 1323 2646 sed
1377 2582 1583 2648 soluta
1644 2581 1964 2671 liberaque
2023 2580 2298 2666 Vergilii
2363 2581 2629 2647 imitatio

362 2687 737 2752 continetur.
812 2684 1012 2774 Apud
1041 2686 1401 2774 Vergilium
1446 2689 1614 2754 enim
1646 2687 1885 2774 Cybele
1929 2687 2209 2752 Teucros
2256 2686 2631 2772 adloquitur,

685 2795 854 2877 (114.
898 2815 980 2858 ne
1025 2794 1336 2881 trepidate
1381 2817 1575 2876 meas,
1618 2794 1867 2875 Teucri,
1913 2792 2251 2860 defendere
2296 2798 2512 2877 naves)

363 2897 530 2986 apud
577 2898 888 2965 Ovidium
933 2898 1217 2965 Turnum
1263 2903 1442 2984 (5391

678 3003 870 3070 Irrita
914 3006 1215 3093 sacrilega
1256 3007 1452 3072 iactas
1497 3005 1790 3073 incendia
1834 3007 2057 3074 dextra
2115 3029 2121 3035 ·

683 3112 896 3178 Turne
942 3135 994 3178 e.
1026 3136 1084 3199 q.
1117 3119 1212 3200 8.).

537 3218 749 3284 Maior
812 3228 1023 3284 autem
1087 3219 1252 3283 inter
1314 3227 1647 3306 utrumque
1702 3228 1956 3307 poetam
2010 3215 2430 3308 discrepantia
2482 3219 2630 3286 inde

363 3323 562 3389 oritur
592 3323 763 3410 quod
794 3324 964 3411 apud
993 3325 1352 3411 Vergilium
1392 3324 1705 3392 adventus
1738 3325 2009 3413 Cybeles
2054 3348 2182 3391 una
2220 3350 2362 3392 cum
2406 3350 2632 3414 magno

365 3437 431 3495 et
473 3431 632 3496 miro
680 3431 1014 3518 splendore
1063 3435 1251 3514 (nova
1301 3432 1414 3497 lux
1460 3432 1730 3518 offulsit)
1778 3431 2024 3514 accidit,
2068 3431 2337 3519 ideoque
2383 3433 2632 3501 nimbus

364 3557 614 3622 quoque
660 3537 883 3603 eodem
929 3559 1120 3603 sensu
1162 3535 1623 3624 intellegendus
1671 3549 1797 3621 est3
1852 3549 2068 3605 contra
2112 3537 2281 3627 apud
2328 3540 2633 3606 Ovidium

364 3641 710 3708 adventum
746 3645 967 3709 matris
1014 3643 1276 3710 deorum
1319 3641 1693 3732 gravissima
1736 3655 2108 3734 tempestaS‚
2164 3647 2434 3713 tonitrus
2484 3651 2631 3732 (542

361 3749 641 3814 intonuit
685 3749 934 3817 dicente
981 3750 1139 3837 dea),
1183 3750 1443 3838 grandO,
1488 3752 1720 3818 imbres
1768 3757 1959 3836 (543),
2004 3753 2179 3819 venti
2226 3757 2377 3839 (544

684 3857 978 3944 Aeraque
1025 3867 1091 3923 et
1133 3856 1446 3922 tumidum
1492 3860 1719 3925 subitis
1752 3860 2169 3942 ‘concursibus
2215 3883 2450 3946 aequor

679 3965 941 4030 Astraei
989 3965 1246 4030 turbant
1289 3973 1356 4030 et
1399 3972 1553 4032 eunt
1596 3966 1665 4030 in
1708 3967 1949 4053 proelia
1991 3966 2255 4051 fratres),

368 4079 732 4156 sequuntur,
779 4070 861 4136 de
906 4072 1134 4160 quibus
1181 4071 1352 4159 apud
1379 4071 1743 4158 Vergilium
1778 4073 1935 4137 nihil
1977 4073 2221 4160 legitur.
2294 4073 2441 4139 Etsi
2485 4093 2634 4159 ergo

363 4177 536 4270 apud
583 4177 890 4248 Ovidium
935 4201 1064 4247 vox
1109 4178 1306 4246 nimbi
1350 4179 1585 4246 imbres
1622 4179 1947 4269 significat,
1991 4180 2136 4246 ideo
2180 4203 2307 4247 non
2339 4178 2635 4276 cogimur,
