3125 4692
1524 271 1562 346 7

416 469 567 551 sint,
628 490 862 557 neque·
898 469 1270 536 deterrimus
1325 470 1902 556 antiquissimorum
1953 469 2280 534 Romanus
2341 468 2682 535 lectionum

414 577 719 642 bon-arum
762 585 892 642 tam
934 578 1119 664 inops
1165 562 1281 659 est,
1325 585 1398 642 ut
1426 599 1502 642 eo
1534 578 1788 642 omnino
1820 597 2030 642 carere
2061 577 2396 664 possimus.
2460 575 2675 642 Huius

414 684 507 749 rei
570 692 780 748 autem
834 706 1085 749 causam
1138 705 1279 750 esse
1330 683 1493 748 hanc
1545 691 1730 770 puto:
1787 681 2058 749 Codices
2104 681 2406 768 Vergilii,
2460 703 2499 746 a
2553 703 2678 767 quo

414 789 762 854 secundum
815 789 1279 867 Quintilianum
1293 793 1338 873 ¹)
1391 771 1582 855 lectio
1635 789 2002 876 incipiebat,
2057 809 2244 875 quem
2295 810 2428 854 non
2468 789 2676 853 minus

413 897 649 961 tirones
693 897 895 983 prima
939 896 1249 961 elementa
1307 895 1622 962 discentes
1669 917 1856 981 quam
1897 891 2334 960 adulescentes
2378 894 2682 960 maiorum

413 992 590 1068 facta
622 1001 1020 1084 admirantes,
1072 1024 1205 1068 non
1246 1003 1453 1067 minus
1497 1025 1708 1067 rerum
1752 1003 1832 1068 ab
1876 1001 2180 1067 Romanis
2225 1001 2676 1087 antiquissimis

414 1109 801 1197 temporibus
854 1114 1173 1194 gestarum
1227 1106 1495 1174 studiosi
1557 1129 1746 1194 quam
1805 1107 2198 1194 grammatici
2257 1107 2508 1194 linguae
2571 1116 2684 1173 aut

414 1217 583 1282 vitae
628 1216 915 1302 publicae
959 1215 1326 1302 privataeve
1372 1214 1780 1303 antiquitates
1821 1223 2156 1281 noscentes
2196 1214 2506 1300 legebant,
2550 1222 2680 1278 tam

413 1323 642 1408 integri
704 1323 942 1388 servari
1003 1344 1131 1387 non
1192 1328 1488 1413 poterant
1550 1343 1738 1406 quam
1793 1320 2042 1386 codices
2097 1320 2419 1442 scriptori-s
2473 1319 2680 1386 minus

416 1429 564 1493 clari
609 1437 719 1494 aut
761 1430 966 1494 minus
1010 1429 1293 1494 lectitati.
1377 1426 1582 1492 Immo
1627 1426 1763 1492 fieri
1806 1449 1938 1492 non
1980 1434 2245 1514 poterat,
2291 1427 2442 1514 quin
2486 1427 2685 1492 multa

416 1535 1049 1623 supr-ascriberentur,
1103 1542 1177 1599 ut
1228 1532 1674 1599 admoneretur
1727 1532 1807 1600 de
1861 1533 2018 1599 locis
2075 1533 2382 1599 similibus
2437 1540 2683 1620 poetae,

414 1641 494 1706 de
538 1642 693 1708 locis
724 1641 1101 1723 HomericiS,
1145 1641 1473 1722 EnnianiS‚
1518 1639 1931 1721 Lucretianis,
1977 1662 2136 1730 quos
2169 1639 2496 1726 Vergilius
2542 1639 2682 1704 imi-

412 1756 581 1813 tatus
630 1771 768 1814 esse
813 1748 1175 1828 videbatur,
1228 1756 1303 1813 ut
1346 1746 1619 1834 denique
1666 1769 1858 1812 voces
1909 1747 2120 1812 minus
2165 1746 2433 1814 usitatae
2480 1747 2680 1833 expli-

414 1863 717 1920 carentur.
806 1853 969 1920 Inde
999 1855 1236 1920 factum
1278 1861 1395 1936 est,
1439 1861 1513 1918 ut
1540 1854 1646 1920 vel
1678 1852 1873 1919 Gellii
1911 1860 2022 1917 aut
2051 1851 2258 1918 Servii
2289 1853 2680 1940 temporibus

414 1967 545 2024 tam
587 1959 892 2025 immensa
919 1960 1259 2027 lectionum
1303 1960 1576 2026 varietas
1616 1960 2020 2040 inveniretur,
2065 1967 2138 2024 ut
2180 1960 2383 2026 nostri
2429 1982 2679 2046 quoque

416 2064 664 2131 codices
710 2067 899 2132 toties
944 2067 1111 2132 inter
1154 2089 1223 2133 se
1268 2065 1647 2132 dissentiant
1698 2074 1808 2132 aut
1850 2067 2298 2153 glossematum
2360 2074 2471 2132 aut
2523 2068 2682 2133 alius

416 2173 711 2238 vitiorum
764 2173 1045 2260 generis,
1111 2172 1251 2240 dico
1304 2174 1646 2239 lectionum
1705 2196 1785 2240 ex
1838 2173 1961 2238 alio
2013 2173 2154 2239 loco
2209 2172 2685 2262 adscriptas-um,

413 2286 511 2344 tot
552 2281 824 2367 vestigia
868 2279 1221 2346 ostendant.

589 2387 773 2464 Quae
804 2409 947 2452 cum
974 2388 1066 2453 ita
1094 2388 1239 2469 sint,
1283 2386 1364 2453 de
1393 2387 1550 2452 locis
1584 2384 1976 2473 quibusdam,
2027 2385 2254 2472 quibus
2293 2385 2682 2452 Ribbeckius

413 2514 493 2556 ex
538 2493 729 2559 variis
772 2494 1148 2559 lectionibus
1194 2517 1233 2558 a
1276 2492 1598 2560 codicibus
1644 2492 1945 2580 praebitis
2001 2515 2129 2557 non
2185 2513 2322 2557 eam
2365 2493 2680 2580 recepisse

412 2597 682 2680 videtur,
728 2622 887 2685 quae
919 2599 1110 2686 digna
1139 2608 1290 2682 erat,
1335 2608 1445 2664 aut
1483 2600 1711 2686 quibus
1751 2597 2038 2685 neglecta
2075 2599 2353 2664 omnium
2382 2599 2684 2665 librorum

412 2707 783 2773 auctoritate
845 2706 1233 2792 grammatici
1304 2705 1632 2772 cuiusdam
1701 2705 2132 2771 testimonium
2204 2705 2383 2792 sequi
2445 2706 2683 2788 maluit,

413 2835 613 2899 pauca
656 2815 1047 2880 conscribere
1093 2813 1407 2880 constitui.

1351 3024 1475 3093 ecl.
1524 3025 1580 3093 I.
1629 3020 1736 3092 83.

692 3163 1102 3251 Maioresque
1146 3167 1396 3231 eadunt
1436 3165 1592 3230 altis
1636 3187 1680 3230 a
1721 3165 2058 3230 montibus
2101 3163 2393 3230 umbrae.

590 3299 738 3367 Hoc
781 3301 921 3368 loco
968 3304 1217 3371 codices
1262 3306 1682 3393 antiquissimi
1734 3313 1984 3392 praeter
2027 3305 2386 3372 Palatinum
2440 3315 2506 3372 et
2549 3305 2683 3372 Ro-

412 3521 666 3562 manum
696 3497 1011 3564 deficiunt.
1065 3500 1143 3564 In
1175 3501 1465 3566 Palatino
1503 3501 1736 3588 legitur
1779 3413 1855 3566 Ze
1869 3503 2208 3567 ‘montibus
2260 3502 2688 3590 suprascripta

414 3606 489 3671 de
532 3605 1027 3692 praepositione,
1080 3607 1147 3671 in
1191 3608 1481 3672 Romano
1536 3609 1612 3672 de
1657 3609 2012 3672 montibus.
2109 3607 2503 3674 Ribbeckius
2558 3632 2686 3674 non

414 3711 659 3778 curavit
700 3713 821 3778 hoc
866 3735 910 3778 a
954 3722 1019 3778 et
1063 3715 1139 3779 de
1184 3713 1451 3800 scripsit.
1546 3711 1678 3778 Sed
1721 3735 1874 3777 num
1925 3721 2096 3779 recte
2139 3714 2388 3794 fecerit,
2445 3713 2685 3794 dubito,

414 3841 555 3882 cum
601 3839 645 3884 a
689 3841 896 3885 errore
944 3820 1247 3907 scriptum
1300 3843 1440 3886 esse
1493 3843 1620 3886 non
1675 3821 1912 3907 putem.
1999 3820 2066 3884 N
2069 3828 2198 3885 ota-
2219 3821 2384 3885 enim
2432 3819 2684 3888 dicendi

412 3926 666 3991 licentia
710 3948 851 3991 cum
898 3929 1093 3994 verbo
1139 3930 1363 3994 eadere
1407 3928 1687 4016 iungitur
1731 3951 1774 3994 a
1816 3927 2220 4018 praepositio,

595 4137 640 4204 1)
677 4137 899 4210 Quinta.
941 4137 990 4196 1.
1024 4132 1083 4194 8.·
1111 4137 1163 4197 5.
