3125 4692
1510 209 1593 292 13

1249 439 1316 506 g.
1365 419 1485 488 ΠΙ.
1535 414 1663 484 219
1712 438 1851 506 sqq.

736 556 1046 631 Pascitur
1087 559 1166 623 in
1209 578 1455 643 ‘mayna
1503 558 1649 622 Sila
1692 558 2033 642 formonsa
2074 558 2355 622 iuvenca
2366 579 2387 621 .·

737 666 854 730 Illi
897 667 1294 730 alternantes
1337 666 1553 730 multa
1598 665 1668 728 vi
1701 665 1959 749 proelia
2000 665 2279 728 miscent

753 772 1136 836 Volneribns
1181 773 1439 854 crebras,
1489 771 1653 836 lavit
1694 776 1835 836 ater
1878 791 2148 855 corpora
2190 769 2465 854 sanquis

735 879 1078 962 -Ve‘rsaqne
1121 878 1200 942 in
1239 879 1516 942 obnixos
1559 882 1883 980 ‘amentur
1928 898 2177 942 cornua
2220 882 2401 941 vasto

745 983 910 1048 Oam
935 985 1205 1067 yemitn,
1252 985 1525 1049 reboant
1551 985 1880 1068 silvaeque
1920 989 1981 1048 et
2018 1004 2301 1068 ‘magnus
2343 983 2680 1066 Olympus

602 1111 748 1173 223.
778 1107 882 1172 M:
928 1113 1256 1172 resonant.
1295 1147 1379 1154 —
1410 1106 1825 1176 LONGIVS
1872 1106 1930 1192 (Ι
1969 1106 2195 1191 deleta)
2231 1127 2375 1192 pro:
2420 1106 2691 1170 reboant

421 1253 506 1262 --
551 1235 856 1298 maanus,
2224 1248 2228 1252 -

633 1359 696 1402 v.
729 1340 877 1430 223,
922 1336 1314 1402 Ribbeckius
1361 1360 1503 1402 cum
1547 1336 1863 1424 plerisque
1910 1336 2066 1418 aliis,
2112 1337 2221 1422 qui
2250 1334 2526 1420 Vergilii
2557 1357 2689 1398 car-

419 1444 590 1508 mina
632 1451 1108 1524 recensuerunt,
1166 1447 1396 1529 lonyns
1461 1446 1781 1529 Olympus
1838 1443 2070 1524 scribit,
2116 1464 2491 1528 quamquam
2532 1441 2688 1505 haec

417 1551 607 1616 lectio
652 1550 909 1636 lectioni
939 1573 1224 1635 maynns
1266 1552 1586 1636 Olympus
1631 1570 1836 1635 neque
1866 1558 2127 1635 propter
2168 1549 2473 1614 librorum
2500 1570 2689 1612 manu

420 1658 794 1744 scriptorum
859 1679 1064 1742 neque
1138 1664 1400 1743 propter
1460 1657 1721 1722 testium
1796 1655 2193 1741 antiquorum
2256 1654 2690 1720 auctoritatem

419 1786 624 1849 neque
668 1771 930 1849 propter
975 1785 1320 1842 causarum,
1365 1763 1594 1848 quibus
1624 1762 1733 1826 illa
1764 1761 2141 1844 defenditur,
2186 1761 2691 1849 probabilitatem

419 1868 834 1956 praeferenda
889 1877 1003 1933 est.
1093 1869 1258 1932 Nam
1313 1869 1378 1932 in
1441 1868 1575 1933 solo
1630 1867 1927 1933 Mediceo
1972 1869 2081 1933 1113
2123 1869 2310 1933 lectio
2356 1867 2691 1947 invenitur,

426 1975 717 2040 omnibus
763 1975 902 2040 aliis
950 1974 1270 2040 codicibus
1317 1973 1825 2055 adversantibus,
1870 1997 2073 2061 neque
2120 1974 2381 2040 tradidit
2426 1974 2693 2060 scriptor

422 2083 717 2167 antiquus
767 2083 997 2167 lonyus
1035 2082 1159 2146 nisi
1203 2081 1587 2162 Macrobius,
1634 2090 1747 2145 sat.
1778 2079 1905 2149 VI.
1938 2085 1997 2145 4.
2032 2084 2135 2162 21,
2182 2103 2325 2145 011111
2368 2081 2433 2144 111
2479 2080 2544 2144 N
2546 2079 2691 2160 onii,

422 2188 740 2274 Eutychii,
786 2187 1007 2274 Sergii,
1051 2187 1341 2274 Pompeii
1384 2188 1561 2253 libris
1608 2209 1893 2272 maynus
1936 2187 2195 2272 legatur.

596 2311 757 2377 Ideo
815 2321 1024 2378 autem
1091 2312 1225 2376 sine
1291 2310 1483 2376 dubio
1549 2319 1615 2376 et
1676 2311 1956 2376 Medicei
2008 2311 2196 2376 lectio
2262 2320 2327 2376 et
2379 2309 2693 2375 Macrobii

422 2419 849 2484 testimonium
915 2418 982 2482 in
1040 2418 1324 2483 favorem
1385 2418 1667 2483 virorum
1730 2417 2059 2482 doctorum
2120 2425 2458 2498 venerunt,
2523 2414 2694 2502 quod

421 2524 690 2589 Homeri
737 2548 775 2589 a
817 2523 1113 2610 Vergilio
1160 2524 1386 2588 imitati
1432 2548 1669 2590 novum
1728 2525 2084 2610 exemplum
2129 2523 2351 2588 afferre
2400 2522 2695 2589 videntur

424 2631 652 2696 collato
697 2631 837 2695 loco
883 2631 991 2696 illo
1037 2631 1382 2696 Homerico
1427 2630 1505 2695 11.
1549 2630 1713 2698 XV.
1763 2635 1888 2696 190
1938 2654 2072 2717 sqq.

727 2741 927 2818 ’Ἠτοι
975 2745 1132 2836 ἐγών
1175 2743 1398 2829 ἔλαχον
1442 2744 1684 2836 πολιὴν
1730 2743 1856 2814 ἅλα
1903 2745 2156 2833 ναίεμεν
2200 2744 2333 2814 αἰεί

740 2853 1192 2940 Παλλομένων,
1237 2855 1461 2944 Λῖδης
1505 2849 1750 2938 δ’ἐλαχε
1795 2852 1990 2945 ζόφον
2034 2849 2347 2944 ἠερόεντα·

744 2959 908 3040 Ζεὺς
950 2955 1181 3044 δ’ἐλαχ)
1226 2953 1490 3051 οἰῖρανον
1535 2955 1720 3051 εὐρὺν
1766 2960 1830 3027 ἓν
1860 2957 2085 3052 αἰθέρι
2131 2960 2243 3026 καὶ
2288 2957 2606 3050 νεφέλῃσι·

743 3071 917 3132 Γαῖα
964 3061 1122 3134 δ’ἔτι
1168 3065 1316 3156 ξυνὴ
1361 3063 1627 3133 πάντων
1671 3065 1784 3133 καὶ
1829 3065 2073 3156 μακρὸς
2100 3059 2463 3152 ”Ολυμπος.

426 3195 536 3252 aut
595 3185 673 3251 11.
718 3186 772 3251 I.
819 3189 945 3252 401
996 3211 1132 3273 sqq.
1198 3211 1385 3274 quem
1435 3189 1645 3253 locum
1689 3187 2131 3254 Woldemarus
2177 3188 2566 3254 Ribbeckius
2629 3187 2697 3252 in

429 3291 777 3382 appendice
821 3294 1268 3381 praetermisit:

744 3414 945 3486 Ἀλλὰ
992 3421 1071 3488 σύ
1118 3418 1231 3489 τόν
1273 3415 1325 3508 γ’
1378 3420 1687 3504 ἐλθοῦσα,
1733 3420 1881 3505 θεὰ,
1928 3415 2260 3489 ὑπελύσαο
2298 3423 2565 3507 δεσμῶν,

745 3518 876 3611 Ὦχ’
927 3525 1360 3618 ἑκατόγχειρον
1404 3525 1682 3606 καλέσας
1726 3527 1790 3606 ἐς
1830 3527 2077 3620 μακρὸν
2104 3521 2470 3613 ”Ολυμπον,

727 3626 852 3702 εὈν
896 3631 1222 3725 Βριάρεων
1267 3633 1569 3700 καλέουσι
1615 3631 1767 3700 θεοί
1814 3653 1865 3697 e.
1899 3655 1957 3718 q.
2004 3656 2053 3698 S.

605 3753 736 3821 Sed
779 3764 993 3822 utrum
1036 3754 1366 3842 Vergilius
1396 3757 1751 3821 Homerum
1794 3757 1916 3821 hoc
1959 3757 2098 3822 1000
2145 3755 2423 3822 imitatus
2471 3755 2571 3838 sit,
2599 3777 2696 3821 an

426 3861 792 3928 Macrobius
821 3862 1009 3928 huius
1041 3863 1409 3928 imitationis
1441 3863 1526 3928 sit
1552 3863 1907 3944 fabricator,
1951 3863 2219 3929 fortasse
2251 3885 2696 3950 cognoscemus
2800 3899 2807 3906 ·

429 3990 509 4031 ex
553 3968 818 4034 aliorum
846 3969 1122 4057 Vergilii
1165 3970 1464 4052 locorum,
1509 3993 1668 4058 quos
1699 3970 2067 4036 Macrobius
2098 3969 2375 4054 tradidit,
2422 3979 2699 4038 contem-

426 4073 722 4170 platione.
