3125 4692
1520 355 1601 421 12

608 550 922 637 Equidem
967 573 1221 616 versum
1266 551 1372 630 ita,
1415 558 1490 614 ut
1533 551 1775 636 scripsi,
1820 547 2358 635 transponendum
2404 570 2543 614 esse
2573 571 2691 635 pu-
2729 593 2739 600 -

437 659 596 739 tavi,
649 667 721 722 ut
764 658 1100 722 referretur
1144 656 1226 721 ad
1270 679 1483 742 poma,
1527 679 1656 720 non
1710 656 1791 720 ad
1845 656 2096 721 arbores
2143 656 2495 736 silvestres,
2550 678 2691 720 cum

429 765 543 830 has
587 765 871 829 homines
917 787 1041 829 non
1089 772 1312 828 serant.

609 889 902 974 Heynius
934 911 1184 954 versum
1227 913 1380 975 „per
1409 911 1476 954 se
1507 889 1930 976 praeclarum“
1958 886 2251 973 appellat,
2280 887 2631 952 Ribbeckio
2650 889 2691 971 1)

437 995 686 1080 spurius
733 994 1010 1075 videtur,
1063 997 1211 1080 quia
1263 996 1663 1082 praecedenti
1716 996 1856 1060 loco
1910 993 2296 1074 adversetur,
2351 1016 2476 1080 quo
2521 991 2694 1061 Ver-

435 1101 621 1186 gilius
685 1101 764 1166 de
819 1102 942 1166 illis
998 1102 1323 1168 arboribus
1376 1103 1679 1188 loquitur,
1753 1124 1913 1188 quae
1974 1102 2153 1187 „opis
2218 1100 2387 1166 haud
2442 1100 2691 1186 indigae

435 1215 725 1272 nostrae“
754 1208 897 1273 sint.
953 1207 1083 1273 Sed
1111 1231 1237 1273 non
1269 1209 1424 1273 dicit
1452 1218 1660 1295 poeta,
1688 1209 1789 1274 his
1821 1207 2145 1273 arboribus
2176 1207 2409 1272 nullam
2440 1207 2691 1271 omnino

437 1336 649 1378 curam
677 1314 1160 1400 impendendam
1191 1338 1348 1396 esse,
1389 1315 1503 1380 sed
1535 1315 1792 1380 simulac
1822 1323 1993 1380 satae
2025 1323 2090 1378 et
2119 1322 2353 1380 certam
2383 1313 2695 1400 quandam

439 1428 707 1485 aetatem
737 1430 1106 1487 consecutae
1153 1423 1296 1503 sint,
1340 1431 1476 1488 tum
1519 1422 1786 1508 primum
1818 1421 2139 1485 hominum
2170 1443 2319 1484 cura
2349 1443 2453 1485 eas
2486 1442 2694 1485 carere

355 1523 362 1528 ’
435 1549 640 1612 posse.
730 1528 806 1592 cf.
854 1552 912 1594 v.
959 1532 1106 1595 422.

694 1651 856 1717 Cum
902 1653 1096 1719 semel
1137 1653 1474 1718 haeserunt
1518 1653 1686 1717 arvis
1732 1675 2037 1738 aurasque
2082 1652 2361 1716 tulerunt

616 1759 767 1841 (scil.
811 1782 939 1823 non
985 1768 1352 1846 exspectant
1394 1759 1587 1823 falces
1631 1767 1989 1845 rastrosque
2035 1758 2309 1842 tenacis)
2355 1780 2417 1822 v.
2464 1759 2611 1820 426.

696 1865 791 1930 Ut
832 1866 1101 1952 primum
1145 1874 1399 1932 truncos
1447 1889 1700 1932 sensere
1744 1866 2014 1931 valentis

616 1972 766 2054 (scil.
818 1973 887 2037 vi
939 1973 1194 2059 propria
1245 1974 1528 2037 nituntur
1583 1973 1846 2059 opisque
1908 1971 2079 2038 haud
2141 1970 2355 2057 indiga
2406 1975 2697 2053 nostrae).

613 2097 832 2164 Versu
886 2101 1034 2163 433.
1088 2120 1216 2161 non
1269 2097 1501 2162 omisso
1555 2098 1712 2161 haec
1766 2104 1864 2162 est
1914 2096 2036 2161 loci
2092 2095 2429 2160 sententia:
2504 2092 2699 2174 Quid,

441 2225 583 2266 cum
627 2202 875 2268 adultae
922 2204 1174 2269 arbores
1231 2205 1364 2268 sine
1411 2203 1538 2268 ulla
1581 2203 1904 2269 hominum
1949 2224 2097 2266 cura
2141 2201 2507 2266 utilissimae
2554 2200 2698 2280 sint,

441 2311 586 2390 (431
637 2314 750 2395 sq.)
807 2311 914 2396 qui
967 2319 1102 2376 tum
1154 2310 1438 2374 homines
1495 2309 1817 2390 dubitent,
1870 2331 2129 2396 parvam
2184 2306 2433 2372 serendi
2488 2329 2699 2370 curam

439 2415 842 2500 impendere?
929 2417 1224 2498 Accedit,
1282 2416 1480 2503 quod,
1545 2417 1601 2482 si
1652 2415 1980 2500 Vergilius
2042 2435 2299 2478 versum
2352 2416 2499 2477 433.
2573 2433 2699 2475 11011

443 2523 816 2608 scripsisset,
865 2546 1046 2588 nemo
1095 2523 1517 2589 desiderasset
1561 2521 1903 2608 quidquam
1913 2546 1930 2601 3
1976 2542 2121 2583 116111
2167 2518 2355 2583 etiam
2400 2518 2534 2582 sine
2581 2517 2700 2582 hoc

444 2650 632 2691 versu
676 2629 870 2694 totius
915 2630 1037 2693 loci
1084 2631 1394 2694 sententia
1423 2638 1572 2715 apta
1602 2636 1786 2693 esset.
1854 2627 2002 2704 Qua
2040 2648 2109 2690 re
2144 2647 2368 2689 versus
2413 2647 2541 2688 non
2596 2647 2700 2688 su-

444 2742 697 2819 spectus
741 2737 829 2816 fit,
875 2734 990 2800 sed
1035 2735 1409 2800 defenditur.
1483 2735 1550 2799 N
1551 2758 1632 2799 on
1666 2733 1986 2799 dissimilis
2018 2740 2116 2798 est
2160 2730 2352 2795 dictio
2383 2730 2545 2795 Aen.
2576 2729 2701 2796 VI.

445 2843 602 2905 806:
648 2840 737 2904 Et
782 2841 1138 2907 dubitamus
1185 2841 1389 2907 adhuc
1421 2843 1653 2907 virtute
1686 2839 2024 2905 extendere
2056 2839 2242 2904 vireS.
2318 2838 2467 2916 Quo
2516 2859 2702 2901 versu

444 2947 526 3028 is,
583 2947 662 3012 de
719 2972 843 3033 quo
890 2949 1158 3034 agimus,
1216 2948 1601 3028 defenditur,
1654 2970 1858 3033 neque
1915 2947 2073 3026 scio,
2128 2942 2442 3030 quomodo
2497 2943 2704 3028 putari

443 3055 663 3139 possit,
707 3055 828 3119 hoc
873 3078 1060 3120 versu
1107 3065 1488 3120 commotum
1533 3078 1671 3120 esse
1718 3052 2228 3139 interpolatorem
2257 3047 2588 3135 quendam,
2633 3057 2705 3112 ut

442 3160 508 3224 in
553 3162 857 3246 georgicis
904 3162 1170 3226 similem
1215 3185 1468 3227 versum
1513 3160 1827 3227 subderet.

620 3287 844 3372 Neque
899 3287 1105 3352 minus
1170 3286 1236 3351 id
1291 3308 1540 3371 quoque
1597 3281 2059 3370 respiciendum
2115 3288 2239 3361 est,
2302 3289 2374 3344 ut
2436 3281 2503 3343 in
2567 3281 2703 3344 aliis

445 3391 763 3456 codicibus
817 3393 908 3457 ita
960 3394 1025 3457 in
1079 3392 1373 3458 Mediceo
1439 3413 1687 3477 quoque
1753 3389 2104 3475 complures
2158 3409 2380 3452 versus
2438 3387 2703 3450 omissos

445 3521 601 3562 esse.
676 3497 839 3563 Aen.
870 3497 961 3562 H.
994 3502 1121 3563 418
1153 3499 1217 3562 in
1250 3497 1545 3562 Mediceo
1578 3521 1617 3561 a
1644 3519 1831 3561 11161111
1863 3496 2064 3581 prima
2095 3495 2365 3594 scriptus
2390 3515 2522 3556 non
2555 3499 2705 3570 erat,

443 3604 696 3670 additus
753 3615 850 3670 est
903 3629 941 3670 a
983 3628 1172 3670 manu
1216 3605 1563 3669 recentiore
1618 3603 1816 3668 literis
1871 3602 2075 3667 rubris
2132 3623 2247 3665 usa
2291 3600 2415 3663 ima
2457 3598 2705 3684 pagina,

442 3712 594 3776 item
638 3712 798 3776 Aen.
844 3712 1006 3776 XII.
1052 3715 1199 3777 499.

618 3833 780 3899 Α611.
807 3835 970 3903 VII.
1002 3839 1081 3900 41
1120 3835 1269 3899 olim
1299 3833 1517 3914 defuit,
1549 3834 1615 3897 in
1643 3833 1920 3920 margine
1952 3839 2174 3920 postea
2203 3828 2554 3916 adscriptus
2587 3836 2705 3892 est.

441 4014 630 4024 ——---—-

623 4115 672 4186 ι)
707 4115 911 4185 proleg.
953 4113 1142 4204 critic..
1163 4131 1213 4184 p.
1251 4113 1332 4168 49.
