3125 4692
1629 269 1713 343 24

1326 539 1494 623 Aen.
1538 540 1625 607 ΙΙ.
1672 535 1826 606 420.
1873 559 2013 627 sqq.

857 695 974 762 Illi
1018 695 1243 778 etiam,
1289 695 1514 781 siquos
1559 696 1835 761 obscura
1878 702 2060 762 nocte
2096 719 2221 782 per
2264 697 2573 762 umbram

857 803 1192 867 Fudimus
1233 803 1504 867 insidiis
1552 808 1809 888 totaque
1853 803 2253 888 ayitavimvts
2298 805 2457 869 urbe

859 911 1242 996 Apparent;
1284 910 1501 995 primi
1544 910 1779 996 clipeos
1822 909 2225 994 mentitaque
2271 913 2397 975 tela

858 1016 1285 1100 Adgnoscunt
1326 1021 1520 1101 atque
1566 1037 1683 1080 ora
1725 1037 1884 1080 sono
1928 1017 2255 1081 discordia
2297 1018 2585 1102 siquam.

720 1164 779 1207 v.
825 1144 953 1205 422
993 1141 1210 1226 primi
1251 1139 1480 1226 legitur
1518 1139 1586 1203 in
1635 1138 1932 1203 Mediceo
1980 1139 2390 1226 omnibusque
2439 1138 2801 1205 minoribus,

540 1249 619 1314 In
642 1248 929 1312 Palatino
963 1246 1041 1312 de
1074 1247 1379 1334 scriptura
1407 1245 1699 1330 antiquae
1728 1267 1949 1310 manus
1980 1245 2100 1309 hoc
2130 1253 2454 1332 superest:
2503 1295 2518 1311 .
2538 1244 2653 1310 RI.
2672 1243 2804 1325 MI,

544 1362 610 1420 et
656 1377 799 1418 cum
846 1353 1191 1418 secundum
1246 1351 1668 1417 Ribbeckium
1727 1350 1792 1414 A
1855 1358 1999 1416 ante
2049 1351 2294 1418 literam
2356 1351 2433 1416 M
2494 1350 2803 1416 excidisse

540 1460 832 1526 videatur
849 1510 867 1542 ,
938 1461 1204 1547 pristina
1274 1457 1545 1523 Palatini
1608 1458 1795 1522 lectio
1860 1457 2197 1522 PRIAMI
2266 1459 2462 1524 fuisse
2534 1455 2804 1522 videtur.

543 1568 692 1646 Qua
734 1589 802 1631 re
847 1567 1034 1631 nixus
1062 1565 1448 1632 Ribbeckius
1496 1564 1780 1666 scripsit:
1824 1564 2096 1645 „Priami
2141 1565 2375 1652 clipeos
2421 1564 2803 1649 mentitaque

538 1673 666 1738 tela
709 1671 1154 1757 adgnoscunt“.

716 1779 818 1860 „N
819 1784 957 1843 am“
964 1827 982 1859 ,
1045 1777 1250 1863 inquit
1271 1779 1346 1862 ¹),
1411 1776 1617 1863 „quod
1662 1800 1803 1842 cum
1870 1779 2094 1843 ceteris
2142 1777 2429 1842 omnibus
2474 1776 2805 1841 Mediceus

542 1885 804 1973 praebet
837 1885 1055 1971 primi
1116 1882 1269 1970 quid
1323 1883 1445 1948 sibi
1502 1883 1682 1965 velit,
1748 1907 1932 1949 nemo
1995 1885 2406 1971 interpretum
2469 1883 2631 1948 dixit
2646 1932 2665 1965 ,
2731 1906 2804 1947 ac

542 1991 783 2073 nesciO,
847 1998 1058 2054 utrum
1108 1990 1215 2054 illi
1265 1988 1672 2074 intellegendi
1716 1990 1870 2070 sint,
1934 2013 2091 2076 quos
2136 1992 2371 2077 primos
2418 1990 2808 2076 agitaverant

538 2097 713 2161 falsis
777 2096 964 2160 armis
1026 2095 1285 2160 Troiani
1349 2099 1521 2180 (399)
1586 2118 1667 2160 an
1711 2096 1880 2161 Aiax
1944 2106 2009 2162 et
2060 2095 2353 2161 Atridae·
2391 2119 2533 2160 cum
2595 2104 2802 2161 cetero

541 2202 820 2268 exercitu
866 2205 1016 2287 (414
1047 2206 1212 2288 sq.)“.

717 2309 1085 2374 Lectionem
1130 2309 1394 2373 Priami
1439 2331 1488 2374 e.
1542 2333 1603 2394 q.
1653 2332 1705 2374 S.
1774 2308 2163 2375 Ribbeckius
2228 2311 2294 2374 in
2358 2309 2801 2376 commentario

542 2416 756 2480 critico
802 2437 856 2479 a.
899 2414 961 2478 h.
1006 2414 1045 2478 l.
1110 2415 1201 2478 sic
1262 2414 1743 2501 interpretatur:
1820 2415 2239 2502 Adgnoscunt
2292 2417 2557 2480 mentita
2618 2438 2804 2496 arma,

540 2523 776 2608 clipeos
819 2529 883 2585 et
912 2521 1056 2602 tela,
1085 2543 1213 2585 non
1246 2521 1631 2586 Graecorum
1670 2521 1784 2587 sed
1814 2521 2048 2586 Priami
2076 2522 2616 2608 Troianorumque
2648 2543 2804 2586 esse.

717 2643 912 2724 Quod
964 2643 1351 2710 Ribbeckius
1416 2645 1707 2727 affirmat,
1771 2647 2066 2732 cognosci
2128 2669 2255 2710 non
2317 2669 2534 2733 posse,
2589 2647 2806 2734 primi

539 2751 693 2839 quid
737 2752 859 2817 sibi
904 2750 1059 2816 velit
1103 2758 1169 2814 et
1213 2747 1292 2815 de
1338 2751 1565 2838 quibus
1622 2751 1883 2818 Graecis
1939 2752 2175 2817 dictum
2230 2753 2339 2834 sit,
2394 2754 2528 2818 sine
2581 2775 2807 2839 magna

540 2859 905 2924 difficultate
951 2855 1150 2922 refelli
1194 2865 1423 2944 potest.

714 2966 881 3029 Nam
916 2965 1134 3050 primi
1187 2964 1266 3029 de
1320 2965 1444 3030 illis
1500 2964 1739 3030 dictum
1783 2974 1881 3030 est
1889 3015 1907 3048 ,
1971 2989 2129 3052 quos
2192 2965 2451 3030 Troiani
2501 2963 2807 3046 „obscura

537 3080 724 3137 nocte
768 3094 882 3157 per
926 3070 1209 3136 umbram
1252 3070 1545 3136 fuderant
1589 3071 1835 3137 insidiis
1885 3080 2141 3158 totaque
2186 3072 2340 3138 urbe
2393 3073 2802 3158 agitaverant,

539 3187 604 3244 et
647 3179 755 3264 qui
799 3200 966 3241 nunc
996 3185 1351 3263 apparent“.
1439 3178 1546 3242 Ex
1582 3178 1683 3243 his
1716 3179 1978 3244 Graecis
2009 3188 2219 3245 autem
2240 3181 2458 3266 primi
2500 3187 2807 3246 vocantur

537 3307 576 3348 a
617 3292 808 3371 poeta
871 3284 955 3365 ei,
1017 3284 1125 3369 qui
1170 3285 1428 3350 Aeneae
1490 3286 1839 3371 ceterisque
1901 3287 2043 3352 loco
2105 3287 2374 3374 proximi
2441 3294 2619 3351 erant
2662 3286 2701 3350 i.
2749 3307 2802 3349 e.

536 3391 737 3478 prima
781 3413 999 3455 eorum
1042 3391 1206 3455 acies
1216 3439 1235 3471 ,
1282 3391 1358 3472 ei,
1403 3392 1512 3478 qui
1555 3392 1758 3479 primo
1802 3392 1942 3458 loco
1987 3391 2378 3458 incedebant.

713 3496 878 3559 Nam
934 3518 1092 3577 cum,
1155 3520 1285 3561 nox
1339 3505 1510 3563 esset
1563 3495 2005 3564 obscurissima
2071 3501 2220 3583 (360
2276 3520 2406 3564 nox
2459 3507 2595 3562 atra
2647 3520 2805 3562 cava

542 3602 949 3668 circumvolat
991 3603 1232 3688 umbra)
1280 3625 1359 3668 ex
1403 3605 1649 3690 agmine
1681 3604 2084 3686 Graecorum,
2128 3627 2287 3690 quos
2318 3604 2575 3669 Troiani
2620 3613 2806 3669 antea

536 3709 711 3774 falsis
758 3709 944 3773 armis
988 3708 1364 3793 fefellerant,
1431 3711 1516 3792 ei,
1572 3712 1679 3797 qui
1724 3712 2109 3799 aliquantum
2152 3733 2190 3774 a
2232 3710 2522 3776 Troianis
2577 3710 2801 3775 remoti

537 3823 730 3895 erant,
774 3814 1080 3880 Troianos
1114 3815 1374 3882 Graecis
1420 3818 1607 3881 armis
1653 3826 1854 3884 tectos
1900 3840 2275 3904 cognoscere
2321 3842 2448 3884 non
2492 3825 2802 3906 poterant,

538 3922 654 3987 sed
699 3921 758 3987 ei
800 3929 1062 4003 tantum,
1107 3923 1215 4008 qui
1258 3920 1549 3988 Troianis
1593 3923 1864 4012 proximi
1908 3933 2119 3990 erant:
2164 3926 2439 4013 „primi“.

715 4139 766 4210 ¹)
800 4139 1007 4216 proleg.
1045 4139 1164 4198 crit
1205 4158 1256 4211 p.
1293 4141 1412 4199 310.
