3125 4692
558 379 626 446 'et
654 379 969 450 adiectivo
1016 379 1243 448 amaro
1288 382 1642 450 substituto
1677 407 1876 450 sensu
1913 407 2142 450 amaro
2189 383 2440 474 scripsit
2466 387 2822 454 'secundum

555 489 1003 554 Lucretianum
1030 487 1039 492 ’
1064 486 1247 574 foedo
1292 512 1541 575 sapore.
1639 490 1738 559 Of.
1783 492 1972 557 Lucr.
2016 491 2107 556 Π.
2153 496 2311 574 401,
2375 516 2562 580 quem
2614 495 2820 560 locum

557 595 921 661 Macrobius
968 595 1235 660 confert:
1282 596 1470 662 foedo
1515 605 1926 685 pertorquent
1971 621 2081 663 ora
2125 621 2365 685 sapore.

641 701 805 769 Aen.
849 702 977 772 VI.
1026 706 1153 768 845
1200 726 1293 790 sq.

1098 815 1101 820 ’
1365 809 1509 876 Τιιιι
1554 808 1862 876 maizimus
1907 809 2012 876 ille
2059 834 2145 892 ee,

870 915 1059 982 Unus
1105 916 1213 1002 qui
1258 917 1441 982 nobis
1488 917 1840 982 cunctando
1885 918 2165 983 restituis
2212 921 2385 982 rem?

729 1023 1013 1089 Macrob.
1070 1032 1183 1088 sat.
1236 1023 1365 1093 VI.
1423 1027 1481 1092 1.
1540 1028 1644 1090 23.
1697 1025 1990 1089 restituit
2038 1032 2296 1110 propter
2349 1025 2814 1090 celeberrimum

550 1128 726 1193 illum
768 1129 963 1194 Ennii
1006 1151 1278 1210 versum,
1324 1129 1455 1195 Cic.
1500 1129 1561 1196 d.
1607 1140 1839 1198 senect.
1885 1131 2012 1199 IV.
2062 1133 2164 1196 10.

869 1235 1056 1301 Unus
1100 1236 1289 1301 homo
1332 1237 1515 1302 nobis
1562 1237 1913 1302 cunctando
1960 1238 2238 1302 restituit
2280 1261 2430 1302 rem.

638 1341 801 1408 Aen.
846 1342 971 1407 XI.
1021 1347 1146 1408 729
1194 1365 1331 1429 sqq.

1653 187 1734 256 18
2689 235 2696 244 .
3023 159 3032 500 ἰ

1863 1450 2152 1516 Tarchon

868 1555 1098 1621 Fertur
1143 1578 1304 1643 equo
1352 1556 1667 1643 variisque
1713 1556 1972 1642 instigat
2014 1554 2278 1622 vocibus
2324 1557 2452 1620 alas

866 1662 1141 1727 Nomine
1188 1685 1498 1749 quemque
1543 1685 1778 1728 vocans
1824 1663 2144 1748 reficitque
2191 1664 2255 1726 in
2300 1663 2541 1749 proelia
2583 1663 2812 1774 pulsos

722 1785 1005 1851 Macrob.
1052 1793 1167 1851 sat.
1212 1785 1339 1855 VI.
1390 1789 1446 1850 1.
1495 1791 1596 1852 34.
1643 1789 1732 1852 ad
1764 1788 2037 1872 proelia,
2100 1785 2270 1872 quod
2316 1787 2380 1849 in
2425 1785 2604 1850 Furii
2649 1786 2810 1872 epici

546 1911 755 1974 verSU,
804 1915 991 1979 quem
1035 1891 1365 1978 Vergilius
1410 1892 1513 1956 hic
1555 1871 1838 1974 inseruit,
1881 1893 2134 1978 legerat.
2475 1927 2480 1930 ·

719 2015 824 2079 Ex
887 2017 1202 2097 omnibus,
1277 2039 1435 2102 quae
1499 2017 1708 2097 attuli,
1781 2038 2080 2103 apparere
2147 2014 2425 2096 videtur,
2498 2015 2809 2080 Macrobii

544 2122 846 2187 lectiones
904 2145 1092 2209 saepe
1148 2122 1230 2187 ad
1282 2123 1681 2208 antiquorum
1735 2133 2088 2211 poetarum,
2152 2123 2486 2209 praecipue
2540 2123 2807 2186 Homeri

544 2228 719 2294 locos
765 2227 1125 2293 referendas
1172 2251 1329 2294 esse.
1391 2229 1815 2306 >Macrobium
1859 2237 2069 2293 autem
2112 2229 2388 2313 Vergilii
2439 2229 2636 2293 verba
2681 2251 2802 2292 non

543 2335 729 2399 nimis
775 2335 957 2398 anxie
1004 2336 1386 2416 servavisse,
1441 2336 1582 2421 quis
1628 2359 1755 2399 non
1801 2334 2041 2415 credat,
2095 2357 2239 2410 cum
2293 2357 2373 2398 ex
2427 2335 2561 2400 eius
2617 2357 2803 2421 opere

543 2440 966 2525 intellegatur,
1019 2442 1354 2527 plurimum
1400 2442 1535 2506 eius
1582 2441 1966 2521 interfuisse,
2020 2449 2092 2503 ut
2133 2439 2414 2505 locorum
2457 2441 2725 2505 Homeri
2770 2463 2807 2504 a

541 2545 833 2632 Vei-gilio
878 2547 1261 2611 imitatorum
1306 2571 1491 2632 quam
1535 2541 1875 2613 marimum
1920 2569 2248 2610 numerum
2292 2547 2620 2613 inveniret.
2707 2545 2801 2610 Cf.

539 2661 653 2717 sat.
697 2653 789 2723 V.
837 2657 893 2718 3.
944 2657 1045 2734 16,
1100 2677 1223 2739 quo
1250 2654 1418 2730 ‚loco
1463 2654 1752 2720 Avienus
1797 2653 2202 2730 Eustathium
2254 2662 2670 2732 recusantem,
2723 2675 2801 2716 ne

536 2769 759 2847 pergat
800 2762 973 2825 locos
1021 2783 1100 2824 ex
1128 2761 1411 2825 Homero
1455 2761 1792 2825 translatos
1824 2781 2203 2840 enumerare,
2247 2759 2419 2824 hisce
2465 2759 2678 2825 verbis
2723 2758 2805 2824 ad

539 2890 680 2932 eam
724 2867 1255 2931 enumerationem
1299 2865 1746 2930 conficiendam
1790 2865 2181 2930 adhortatur.
2227 2864 2445 2946 „Quid
2491 2865 2657 2929 enim
2703 2888 2806 2930 su-

538 2973 745 3054 avius,
809 2995 996 3059 quam
1060 2971 1220 3037 duos
1283 2973 1654 3059 praecipuos
1720 2979 1898 3038 vates
1953 2971 2169 3037 audire
2224 2970 2392 3036 idem
2445 2971 2806 3057 loquentis?

539 3081 725 3160 Quia,
773 3102 915 3143 cum
959 3080 1079 3143 tria
1121 3080 1277 3144 haec
1323 3101 1403 3143 ex
1447 3102 1648 3165 aequo
1695 3079 2107 3165 impossibilia
2149 3087 2468 3165 putentur,
2512 3080 2618 3146 vel
2647 3079 2692 3143 J
2694 3103 2804 3144 ovi

534 3187 796 3272 fulmen,
851 3185 954 3252 vel
999 3185 1265 3249 Herculi
1310 3185 1584 3266 clavum,
1637 3186 1740 3250 vel
1786 3207 2042 3250 versum
2085 3187 2369 3252 Homero
2417 3185 2801 3264 subtrahere,

535 3291 709 3378 quod
755 3291 874 3356 etsi
919 3291 1052 3355 fieri
1096 3299 1333 3377 posset,
1379 3291 1568 3356 alium
1607 3299 1818 3356 tamen
1848 3292 2084 3356 nullum
2118 3292 2386 3374 deceret,
2433 3293 2537 3358 vel
2565 3291 2800 3356 fulmen

532 3406 783 3490 praeter
825 3397 1050 3464 Iovem
1094 3398 1298 3461 iacere
1343 3398 1449 3462 vel
1494 3405 1732 3462 certare
1772 3406 2023 3484 praeter
2050 3399 2395 3464 Herculem
2424 3399 2648 3463 robore
2697 3397 2798 3462 vel

532 3527 780 3586 canere,
834 3503 1007 3590 quod
1052 3503 1279 3568 cecinit
1321 3505 1670 3569 Homerus:
1728 3504 1830 3568 hic
1875 3513 2226 3592 opportune
2280 3505 2346 3567 in
2393 3525 2551 3589 opus
2598 3525 2798 3582 suum,

534 3634 692 3696 quae
737 3611 910 3697 prior
954 3618 1134 3677 vates
1180 3609 1451 3692 dixerat,
1495 3610 1930 3677 transferendo
1975 3612 2151 3691 fecit,
2206 3617 2277 3674 ut
2321 3631 2436 3673 sua
2480 3630 2620 3674 esse
2666 3631 2798 3672 cre-

531 3717 775 3782 dantur.
849 3717 1022 3802 Ergo
1053 3739 1169 3803 pro
1202 3725 1352 3784 voto
1385 3717 1662 3782 omnium
1691 3717 1932 3797 feceriS,
1979 3717 2034 3782 si
2079 3739 2222 3780 cum
2263 3715 2384 3778 hoc
2414 3724 2600 3780 coetu
2629 3737 2798 3782 com-

529 3824 842 3890 municata
885 3823 1064 3903 velis,
1109 3831 1536 3909 quaecumque
1567 3830 1782 3890 noster
1811 3829 2001 3910 poeta
2039 3831 2252 3890 vestro
2292 3828 2613 3888 mutuatus
2645 3828 2798 3885 est.“

707 3930 923 4007 Quare
966 3929 1101 3994 iure
1133 3929 1437 4015 suspicari
1466 3929 1619 3994 mihi
1651 3929 1890 4010 videor,
1933 3928 2053 3994 hoc
2080 3929 2240 4010 loco,
2285 3928 2580 4014 quoniam
2608 3928 2798 4016 pleri-

532 4055 653 4134 que
699 4036 948 4106 codices
994 4059 1139 4104 cum
1181 4035 1508 4102 Macrobio
1553 4058 1683 4104 non
1728 4035 2146 4124 consentiunt,
2186 4035 2520 4104 lectionem
2565 4037 2796 4126 lonqus
