3125 4692
1560 245 1684 329 ,so

509 449 678 541 apud
707 448 1072 540 Vergilium
1118 449 1391 541 quoque'
1413 453 1637 522 vocem
1680 457 1877 522 nimbi
1896 451 1905 457 ’
1921 457 2203 542 legentes
2250 455 2330 521 de
2374 453 2561 522 imbri
2606 453 2775 543 cogi-

508 569 659 626 tare.
750 560 1048 625 Ceterum
1103 585 1218 648 per
1271 584 1339 626 se
1404 562 1558 628 haec
1623 565 1892 628 maxime
1949 561 2204 630 diversa
2266 572 2439 628 sunt:
2504 564 2775 628 nimbus

509 669 910 732 transcurrit
951 671 1201 734 caelum
1247 677 1312 733 et
1355 671 1578 734 nimbi
1621 671 2006 734 ceciderunt.

507 816 518 826 -
576 791 580 798 ’
681 773 866 839 Idem
921 773 1002 839 de
1056 797 1212 841 voce
1266 774 1465 840 nimbi
1530 784 1805 842 statuere
1868 799 2058 864 posse
2120 776 2274 842 mihi
2330 776 2553 844 videor
2606 776 2769 842 Aen.
2892 819 2899 823 .

503 879 594 950 V.
642 883 788 945 666.

822 987 1197 1075 Respiciunt
1241 997 1440 1054 atram
1482 989 1550 1054 in
1594 989 1807 1054 nimbo
1852 989 2117 1054 volitare
2163 990 2457 1056 favillam.

685 1093 755 1158 Si
786 1102 1120 1175 constaret,
1165 1094 1288 1158 hoc
1316 1095 1457 1160 loco
1488 1118 1647 1161 voce
1678 1096 1903 1160 nimbo
1948 1095 2189 1160 fumum
2219 1097 2551 1164 obscurum
2582 1097 2773 1185 signi-

512 1200 698 1281 ficari,
743 1199 1040 1283 Kloueek
1059 1204 1099 1283 ¹)
1145 1200 1279 1264 iure
1311 1199 1749 1283 dubitavisset,
1794 1224 1945 1266 num
1987 1202 2175 1266 lectio
2222 1209 2439 1268 atram
2469 1204 2771 1287 favillam

507 1329 659 1371 vera
713 1314 908 1386 esset,
972 1307 1118 1390 quia
1161 1306 1227 1370 in
1284 1308 1549 1373 obscuro
1604 1308 1777 1373 fum0
1832 1317 1968 1372 atra
2026 1308 2245 1374 favilla
2306 1310 2584 1396 conspici
2646 1331 2770 1374 non

516 1420 758 1499 potest,
803 1419 869 1476 et
911 1412 1178 1477 fortasse
1223 1423 1392 1479 recte
1448 1422 1667 1480 atram
1710 1416 1777 1480 in
1822 1421 1964 1480 atro
2006 1417 2396 1482 mutavisset.
2472 1415 2601 1481 Sed
2635 1439 2777 1482 mea

513 1519 825 1584 sententia
875 1520 1102 1583 nimbo
1155 1518 1276 1583 1100
1328 1521 1468 1585 1000
1524 1519 1606 1585 (10
1660 1520 1769 1585 1110
1822 1521 2012 1586 rutilo
2066 1522 2309 1608 fulgore
2365 1521 2601 1587 dictum
2657 1531 2771 1603 est,

507 1627 615 1710 qui
661 1648 741 1689 ex
785 1624 1076 1690 incendio
1131 1627 1388 1692 navium
1444 1635 1619 1692 ortus
1674 1636 1834 1708 erat,
1890 1637 1955 1692 et
1998 1628 2063 1692 in
2108 1651 2233 1713 quo
2278 1628 2535 1693 Troiani
2578 1623 2771 1716 parti-

505 1731 674 1795 culas
721 1731 977 1796 navium
1031 1741 1338 1814 semustas
1388 1734 1672 1800 volantes
1728 1732 1965 1800 vident.
2066 1734 2307 1800 Omnes
2361 1736 2507 1802 libri
2552 1743 2771 1800 atram

503 1837 789 1918 tradunt3
833 1860 1036 1922 neque
1069 1839 1427 1904 coniectura
1454 1840 1562 1904 illa
1593 1863 1753 1927 opus
1798 1840 1994 1906 fuisse
2041 1849 2107 1906 et
2136 1843 2326 1906 etiam
2368 1841 2535 1906 hunc
2562 1843 2769 1907 locum

506 1943 934 2010 demonstrare
963 1952 1138 2030 put0,
1185 1967 1407 2010 vocem
1435 1947 1707 2011 nimbus
1753 1944 1832 2010 de
1877 1947 2120 2033 fulgore
2151 1949 2438 2035 usurpari
2468 1949 2766 2036 potuisse.

673 2068 968 2133 Eundem
1013 2091 1268 2134 sensum
1310 2069 1500 2135 habet
1546 2071 1819 2135 nimbus

585 2176 748 2240 Aen.
793 2175 920 2244 VI.
969 2179 1094 2242 585
1143 2199 1276 2262 sqq.

813 2280 977 2349 Vidi
1023 2289 1088 2345 et
1133 2279 1402 2346 crudelis
1447 2280 1703 2346 dantem
1750 2281 2081 2348 Salmonea
2123 2307 2380 2371 poenaS,

816 2386 992 2450 Dum
1034 2387 1343 2451 flammam
1387 2387 1432 2452 J
1433 2389 1572 2454 ovis
1621 2397 1685 2452 et
1730 2389 1973 2454 sonitus
2018 2390 2297 2454 imitatur
2343 2390 2629 2478 Olympi.

813 2493 1134 2570 Quattuor
1175 2493 1279 2557 1110
1322 2493 1612 2558 invectus
1658 2495 1835 2579 equis
1883 2504 1949 2559 et
1992 2495 2281 2582 lampada
2325 2520 2627 2581 quassans

811 2599 937 2662 Per
983 2598 1246 2664 Graium
1289 2599 1559 2686 populos
1606 2599 1975 2686 mediaeque
2019 2624 2135 2688 per
2178 2601 2383 2667 Elidis
2431 2603 2652 2669 urbem

812 2705 960 2769 Ibat
1005 2729 1202 2770 ovans
1250 2704 1589 2790 divomque
1637 2707 1758 2772 sibi
1802 2707 2104 2793 poscebat
2147 2707 2468 2789 honorem,

810 2811 1124 2893 Demens,
1155 2813 1264 2897 qui
1307 2814 1587 2881 nimbos
1632 2821 1697 2876 et
1740 2836 1869 2877 non
1913 2815 2213 2880 imitabile
2258 2816 2495 2880 fulmen

812 2919 983 2983 Aere
1030 2927 1097 2982 et
1139 2917 1546 3004 cornipedum
1590 2919 1778 3006 pulsu
1825 2920 2145 2984 simularet
2190 2943 2508 3005 equorum.

668 3040 841 3106 Num
895 3041 1016 3104 1100
1067 3039 1208 3105 1000
1262 3043 1532 3106 nimbus
1599 3041 1678 3106 de
1740 3042 1959 3129 pluvia
2012 3042 2250 3108 dictum
2305 3048 2445 3110 est?
2507 3053 2616 3110 aut
2678 3044 2760 3110 de

489 3147 806 3213 nubibus?
881 3145 1010 3212 Sed
1055 3147 1119 3210 in
1167 3145 1482 3212 Salmonei
1527 3148 1739 3214 fabula
1782 3149 2037 3214 minime
2082 3161 2384 3232 narratur,
2433 3175 2575 3216 eum
2618 3153 2760 3239 plu-

489 3255 658 3319 viam
689 3276 935 3340 quoque
967 3253 1276 3317 imitatum
1307 3243 1464 3318 esse.
1528 3255 1605 3319 cf.
1639 3254 1937 3341 Apollod.
1967 3255 2251 3322 biblioth.
2282 3256 2335 3322 I.
2368 3280 2419 3321 0.
2455 3261 2511 3322 9.
2541 3257 2664 3322 fab.
2703 3260 2758 3322 7.

487 3361 823 3424 Praeterea
867 3359 1193 3445 Vergilius
1239 3361 1679 3441 instrumenta,
1735 3361 1961 3445 quibus
2009 3362 2377 3428 Salmoneus
2441 3363 2649 3449 fulgur
2695 3372 2760 3429 et

490 3466 767 3531 tonitrua
805 3465 1084 3530 imitatus
1118 3466 1218 3545 sit,
1264 3465 1473 3531 affert:
1522 3466 1773 3532 taedam
1818 3468 2128 3555 (lampada
2156 3493 2460 3556 quassans
2496 3475 2645 3556 585)
2694 3479 2760 3534 et

487 3595 736 3636 currum
781 3579 1041 3636 a'eneum
1087 3576 1248 3656 (aere
1296 3581 1361 3636 et
1391 3572 1801 3660 cornipedum
1829 3574 2017 3662 pulsu
2048 3597 2349 3661 equorum
2384 3580 2551 3660 591).
2627 3577 2756 3642 Sed

487 3702 612 3764 quo
659 3679 1073 3742 instrumento
1119 3679 1396 3765 pluviam
1443 3679 1723 3745 imitatus
1770 3682 1870 3762 sit,
1914 3690 2105 3768 poeta
2147 3704 2276 3746 non
2322 3681 2524 3748 affert.

662 3803 998 3866 Praeterea
1041 3801 1323 3866 conferas
1379 3826 1441 3870 v.
1493 3807 1620 3868 586
1676 3805 2023 3890 flammam
2070 3812 2132 3870 et
2172 3807 2431 3872 sonitus
2486 3808 2755 3894 Olympi

490 3931 648 3974 cum.
694 3932 756 3977 v.
791 3911 916 3974 590
965 3910 1224 3977 nimbos
1271 3916 1331 3974 et
1372 3911 1652 3994 fulmen.
1731 3911 1914 3976 Haec
1960 3913 2342 4000 comparatio
2388 3937 2503 3980 nos
2551 3914 2755 3996 docet,

664 4119 709 4194 ¹>
745 4082 1010 4196 Klouqek,
1045 4120 1326 4180 Miscenen
1360 4138 1430 4180 zu
1464 4121 1682 4198 vergn.
1711 4122 2037 4181 Leitmeritz
2067 4094 2363 4182 '1870-73.
2403 4126 2477 4184 11.
2520 4126 2565 4189 7.
