3125 4692
65 0 3108 40 ——1——3———3-——w-‚2

1559 315 1637 388 11

407 591 418 600 .
466 539 618 582 non:
685 515 1015 582 dimidium
1068 515 1208 581 viae
1266 517 1504 581 emensi
1567 537 1831 580 eramus.
1961 512 2127 576 Nam
2189 513 2453 578 verbum
2516 505 2727 581 ἀνύειν

463 645 652 712 saepe
699 623 872 691 idem
919 623 1264 710 significare
1311 645 1383 686 ac
1431 622 1739 707 consequi
1782 619 2217 686 demonstrant
2258 619 2326 684 hi
2370 619 2511 684 loci.

642 729 835 818 soph.
879 729 985 794 Αἱ.
1034 732 1180 796 608.

959 835 1054 905 ἔτι
1100 837 1184 922 μέ
1225 832 1376 904 ποτ’
1429 832 1686 906 ἇνύσειν

955 943 1068 1012 τὸν
1113 939 1498 1034 ἀπότροπον
1543 937 1809 1036 ἀΐδηλον
1844 944 2087 1010 Λῗδαν.

642 1049 860 1136 Antig.
909 1053 1057 1116 804.

17 1189 22 1244 ι
959 1156 1071 1226 τὸν
1115 1154 1477 1250 παγκοίτην
1523 1151 1632 1225 ὅθ’
1686 1151 1814 1246 ὁρῶ
1857 1153 2163 1241 θάλαμον

17 1259 21 1300 ¹
957 1259 1128 1354 τήνδ’
1175 1259 1567 1357 ’Λντιγόνην
1611 1258 1983 1331 ἀνύτουσαν.

17 1383 21 1448 3
647 1367 809 1433 Oed.
858 1367 992 1434 Col.
1044 1371 1258 1434 1561.’

17 1471 22 1564 ἶ
1049 1527 1056 1535 -
1315 1530 1330 1544 .
1367 1529 1381 1544 .
1418 1530 1433 1544 .
1470 1530 1484 1543 .
1518 1475 1845 1563 λίσσωμαι

17 1573 20 1587 ’
963 1564 1266 1672 ἐπιπόνῳ
1308 1579 1454 1674 μήτ>
1507 1582 1625 1650 ἐπὶ
1659 1587 1965 1672 ΙΒαρυαχεῖ

17 1655 24 1722 t
959 1689 1132 1771 ξένον
1177 1688 1474 1770 ἐξανύσαι
1588 1755 1597 1764 ,

957 1794 1136 1886 μόρῳ
1180 1823 1299 1864 ταν
1316 1798 1692 1888 παγκευθῆ
1736 1793 1913 1862 κάτω

958 1907 1188 1992 νεκρῶν
1230 1900 1476 1970 πλακα.

641 2007 838 2080 Thuc.
869 2007 959 2073 II.
995 2011 1096 2074 97.
1131 2013 1188 2073 2.
1286 2007 1383 2074 Τὰ
1428 2008 1546 2093 μὲν
1590 2006 1763 2098 πρὸς
1806 2006 2152 2075 θάλασσαν
2195 1963 2475 2100 τοσαύτη
2498 1997 2614 2134 sp»,
2663 2007 2733 2087 ἐς

463 2107 732 2206 ἤπειρον
761 2110 899 2182 δὲ
863 2113 1002 2184 απὸ
1035 2112 1448 2197 Βυζαντίου
1419 2138 1487 2196 ες
1504 2112 1842 2196 Λαιαίους
1871 2113 1983 2183 καὶ
2005 2113 2119 2180 ἐπὶ
2140 2111 2467 2202 Στρυμόνα
2485 2109 2732 2205 ἡμερῶν

20 2274 48 2328 (⁴
467 2215 650 2311 ἀνδρὶ
694 2216 938 2310 ευζιόνῳ
981 2225 1175 2312 τριῶν
1218 2248 1331 2288 και
1376 2220 1532 2288 δέκα
1579 2216 1830 2289 ανύσαι.
1878 2223 1887 2232 ’

642 2327 978 2391 Praeterea
1023 2327 1308 2392 conferas
1353 2349 1492 2390 cum
1539 2326 1662 2392 hoc
1704 2327 1845 2391 loco
1890 2325 2052 2390 Aen.
2098 2323 2188 2392 V.
2239 2326 2294 2388 1.

782 2433 1038 2498 Interea
1080 2431 1358 2498 medium
1402 2433 1657 2498 Aeneas
1702 2433 1828 2532 iam
1871 2431 2069 2496 classe
2115 2431 2371 2496 tenebat

786 2537 1014 2604 Certus
1058 2539 1195 2604 iter.

642 2643 861 2712 Voces
916 2647 1071 2711 hiric
1126 2654 1190 2712 et
1244 2647 1349 2711 hie
1413 2645 1478 2708 in
1534 2645 1857 2710 codicibus
1914 2643 2277 2730 saepissime
2340 2653 2729 2732 permutatae

468 2759 631 2832 sunt,
677 2773 880 2838 neque
927 2775 1176 2840 semper
1217 2751 1399 2817 facile
1445 2760 1561 2828 est,
1614 2775 1831 2826 veram
1872 2752 2032 2818 falsa
2072 2753 2341 2818 lectione
2388 2751 2732 2818 dinoscere.

17 2957 22 2992 ³
1173 3011 1178 3016 .
1309 2951 1378 3020 Gr.
1422 2951 1509 3018 II.
1558 2949 1711 3020 426.
1760 2972 1899 3040 ειμι.

512 3110 660 3172 426.
707 3108 916 3172 Poma
961 3130 1231 3192 quoque,
1279 3113 1359 3172 ut
1390 3109 1699 3192 primum
1748 3114 2010 3175 truncos
2056 3132 2307 3175 sensere
2354 3112 2635 3192 valentes

511 3215 659 3277 427.
707 3213 800 3277 Et
841 3214 1012 3278 vires
1057 3205 1336 3280 habuere
1379 3238 1558 3299 suas,
1607 3217 1695 3281 ad
1735 3217 1953 3282 sidera
1995 3217 2246 3300 raptim

511 3323 659 3385 428.
721 3320 802 3383 Vi
836 3321 1119 3404 propria
1163 3322 1482 3386 nituntur
1527 3324 1797 3408 opisque
1842 3324 2023 3387 haud
2064 3323 2296 3406 indiya
2338 3324 2619 3386 nostrae.

513 3429 660 3490 433.
708 3426 802 3490 Et
844 3427 1156 3491 dubitarit
1197 3429 1492 3493 homines
1537 3450 1743 3493 serere
1788 3434 1982 3514 atque
2008 3430 2381 3514 impendere
2412 3431 2685 3493 euram?

511 3534 660 3596 429.
705 3527 840 3596 Nec
883 3533 1112 3597 minus
1156 3535 1408 3600 interea
1451 3535 1595 3619 fetu
1638 3557 1874 3600 ‘nemus
1920 3557 2109 3600 omne
2150 3536 2472 3619 yraveseit

512 3641 660 3704 430.
712 3638 1238 3724 Sanquineisque
1281 3642 1537 3706 inculta
1582 3641 1820 3705 rubent
1863 3641 2123 3705 aviaria
2171 3641 2365 3705 baciS.

514 3748 661 3810 431.
713 3747 1088 3811 Tondentur
1131 3750 1344 3832 cytisi,
1395 3751 1609 3813 taedos
1654 3750 1825 3812 silva
1870 3749 2006 3811 alta
2048 3747 2410 3830 ministrat,

514 3856 662 3918 432.
709 3853 1213 3937 Pascunturque
1255 3855 1440 3939 iynes
1485 3856 1799 3919 nocturni-
1844 3860 1905 3918 et
1950 3855 2211 3918 lumina
2254 3853 2574 3937 fundunt.

645 3957 852 4024 Deest
899 3981 1116 4024 versus
1164 3965 1314 4027 433.
1363 3961 1429 4024 in
1473 3959 1770 4025 Med1ceo
1780 4008 1797 4040 ,
1844 3957 1958 4024 sed
2004 3960 2296 4044 cognosci
2348 3967 2617 4046 possunt
2669 3959 2734 4022 in

471 4086 546 4128 eo
594 4063 939 4130 secundum
968 4064 1356 4155 Wagnerum
1387 4067 1567 4208 signa
1598 4065 1922 4154 quaedam,
1966 4066 2056 4134 ibi
2088 4067 2301 4136 versui
2338 4067 2545 4135 locum
2576 4088 2735 4152 esse,

468 4168 824 4237 indicantia.
