3125 4692
1547 265 1585 330 9

440 456 716 522 omnium
777 456 1074 544 Europae
1137 459 1514 544 populorum
1578 459 1845 524 vicarios
1910 480 2074 522 esse.
2111 465 2413 544 putarem.
2512 455 2701 522 Nunc
2794 503 2801 506 -

438 572 673 644 autem,
727 586 868 627 cum
913 564 1194 645 minime,
1249 564 1403 650 quid
1457 565 1804 651 scripserit,
1859 571 2132 644 constet,
2184 586 2313 643 res,
2368 586 2527 648 quae
2571 571 2731 627 tam·

433 693 668 758 parvae
712 669 1026 751 videntur,
1070 672 1299 736 mentis
1346 671 1693 736 attentione
1739 670 1965 757 dignae
1998 678 2161 736 sunt.
2236 669 2329 734 At
2360 671 2696 756 scriptores

437 776 519 842 ad
562 799 690 856 ree,
736 799 894 862 quae
939 777 1074 842 fieri
1119 799 1246 842 non
1292 785 1587 864 possunt,
1642 776 2085 842 describendas
2130 785 2410 840 mutuam
2454 775 2697 840 sedium

436 883 958 971 permutationem
1010 892 1214 948 terrae
1281 892 1346 948 et
1398 885 1586 948 maris
1642 884 2011 948 animalibus
2064 883 2339 948 tribuere
2396 883 2698 962 solebant,

435 991 612 1054 cuius
659 989 1130 1055 consuetudinis
1175 1013 1376 1077 pauca
1421 991 1709 1077 exempla
1752 988 1974 1055 affero:

611 1096 969 1161 Nemesian.
1013 1096 1066 1161 Ι.
1117 1099 1218 1162 75.
1265 1119 1356 1182 sq.

690 1202 978 1288 Namque
1023 1204 1198 1290 prius
1245 1204 1426 1268 siccis
1472 1203 1714 1290 phocae
1760 1211 2098 1290 pascentur
2141 1203 2206 1266 in
2251 1203 2420 1268 arvis

690 1308 1122 1396 Hirsutusque
1139 1314 1181 1395 1)
1225 1310 1388 1375 freto
1433 1311 1613 1376 vivet
1654 1310 1774 1375 leo.

612 1416 738 1483 Ov.
782 1424 928 1481 met.
974 1417 1172 1486 XIV.
1223 1421 1324 1483 38.
1372 1439 1465 1502 sq.
1513 1408 1519 1413 ’

687 1523 874 1588 Prius
909 1573 922 1588 .
956 1573 970 1588 .
1003 1574 1017 1589 .
1050 1573 1065 1589 .
1111 1524 1174 1588 in
1223 1545 1493 1609 aequore
1536 1514 1795 1588 frondes

792 1680 806 1695 .
839 1679 854 1694 .
902 1637 968 1694 et
1011 1631 1076 1696 in
1123 1630 1382 1694 summis
1428 1637 1764 1694 nascentur
1808 1629 2125 1695 montibus
2172 1630 2366 1716 algae.

609 1735 739 1801 Sed
770 1737 826 1802 si
855 1737 995 1822 quis
1025 1745 1361 1824 propterea
1391 1751 1665 1821 aequore
1694 1737 2023 1824 praeferat,
2069 1737 2318 1824 cogitet,
2359 1735 2696 1800 verisimile
2776 1806 2781 1810 p

434 1865 562 1908 non
617 1865 784 1924 esse,
837 1843 1118 1906 futurum
1169 1843 1392 1925 fuisse,
1448 1852 1519 1907 ut
1574 1866 1848 1929 aequore
1902 1845 1968 1907 in
2022 1845 2272 1908 aethere
2323 1850 2695 1920 mutaretur3

433 1950 680 2014 aethere
710 1957 938 2029 autem,
977 1947 1149 2034 quod
1178 1957 1394 2036 aptum
1427 1973 1566 2016 esse
1596 1973 1725 2016 non
1756 1949 2093 2030 videretur,
2138 1950 2217 2014 ab
2248 1948 2693 2034 interpolatore

431 2054 722 2120 facillime
767 2055 834 2119 in
879 2077 1153 2140 aequore
1195 2058 1423 2121 mut-ari
1467 2058 1769 2145 potuisse.

607 2161 836 2244 Doleo,
873 2161 1028 2226 mihi
1057 2185 1185 2226 non
1216 2164 1575 2249 contigisse,
1620 2173 1693 2228 ut
1720 2163 2017 2244 libellum,
2062 2163 2127 2226 in
2160 2184 2284 2248 quo
2316 2161 2636 2226 Ameisius
2648 2163 2693 2244 2)

433 2266 600 2331 hunc
643 2268 851 2333 locum
895 2269 1206 2350 tractavit,
1250 2269 1404 2334 mihi
1447 2293 1749 2356 pararem.

1253 2429 1375 2500 ecl.
1420 2430 1531 2497 VI.
1580 2426 1683 2498 31.
1732 2451 1872 2517 sqq.

608 2547 910 2632 Namque
955 2551 1240 2633 canebat,
1288 2552 1393 2614 ua·
1437 2573 1758 2636 maynum
1793 2574 1917 2636 per
1959 2553 2163 2616 inane
2208 2556 2426 2615 coacta

613 2655 886 2720 Semina
934 2661 1385 2740 terrarumque
1431 2659 1821 2741 animaeque
1866 2659 2201 2741 marisque
2246 2657 2535 2741 fuissent

608 2761 700 2825 E't
745 2761 984 2845 liquidi
1027 2763 1234 2826 simul
1274 2764 1486 2847 tynis:
1535 2770 1616 2828 ut
1659 2766 1763 2829 his
1810 2787 1887 2829 ex
1935 2765 2164 2828 omnia
2202 2764 2453 2848 primis

617 2867 850 2931 Omnis
896 2874 957 2932 et
998 2869 1139 2952 ipse
1187 2874 1364 2933 tener
1409 2871 1651 2935 mandi
1694 2871 2087 2936 eon-ereverit
2129 2871 2323 2934 orbis,

605 3015 666 3056 v.
725 2996 826 3057 33.
889 2992 956 3055 in
1017 2991 1306 3057 Romano
1373 2994 1639 3059 emordia
1698 2994 1953 3080 legitur,
2019 3017 2077 3059 v.
2138 2997 2242 3059 34-
2285 2993 2352 3056 in
2406 2993 2692 3056 Romano

429 3099 674 3181 ommia,
721 3099 786 3161 in
832 3098 1119 3163 Palatino
1165 3102 1427 3165 omnisa
1472 3105 1523 3184 (s
1572 3108 1784 3185 erasa).

605 3203 753 3270 Hoc
797 3205 937 3269 loco
983 3205 1340 3269 Romanum
1393 3229 1521 3271 non
1575 3207 1782 3272 minus
1828 3207 2273 3294 interpolatum
2328 3227 2468 3270 esse
2522 3213 2696 3291 putO,

430 3334 616 3397 quam
660 3311 878 3376 multis
925 3311 1083 3376 aliis,
1159 3311 1342 3392 Nam,
1389 3311 1560 3398 quod
1591 3312 1948 3378 Ladevicus
1961 3316 2007 3396 3)
2055 3335 2305 3398 quoque
2352 3311 2696 3393 adnotavit,

430 3419 694 3483 emordia
732 3418 1090 3504 ambiguum
1132 3426 1246 3499 est,
1292 3440 1434 3483 cum
1479 3421 1745 3484 emordia
1789 3419 1868 3484 de
1914 3421 2131 3506 primis
2173 3419 2451 3484 omnium
2489 3441 2698 3483 rerum

429 3525 624 3590 initiis
671 3533 782 3589 aut
826 3524 1053 3589 atomis
1087 3525 1348 3607 (semina
1375 3548 1437 3589 v.
1473 3529 1581 3610 32)
1627 3523 1888 3606 dicatur,
1932 3550 2059 3591 non
2092 3525 2171 3590 de
2202 3533 2333 3590 tam
2362 3547 2695 3611 progresso

608 3698 657 3766 ¹)
693 3699 834 3769 Quid
870 3701 968 3755 hoc
1002 3699 1117 3754 loco
1152 3699 1507 3754 Nemesianus
1543 3700 1838 3770 scripserit,
1876 3702 2143 3757 incertum
2179 3708 2291 3770 est3
2342 3701 2566 3769 codice5‚
2606 3700 2697 3770 qui

427 3785 631 3841 habent
665 3787 994 3853 vestit-usqae,
1034 3791 1314 3854 corruptos
1352 3801 1468 3842 esse
1505 3793 1748 3856 apparet.

605 3871 658 3939 2)
693 3873 893 3937 AmeiS‚
943 3872 1287 3942 spicilegium
1323 3873 1743 3942 explicationum
1778 3874 2235 3942 Vergilianarum.
2307 3875 2698 3932 Muehlhausen

429 3957 576 4012 1853.
649 3960 841 4027 Progr.

605 4044 657 4112 ⁸)
694 4045 954 4102 Conferas
991 4045 1108 4102 eius
1143 4045 1400 4104 editionis
1434 4045 1493 4102 in
1527 4063 1685 4102 usum
1720 4046 1958 4103 tironum
1996 4047 2322 4117 compositae
2348 4047 2698 4116 appendicem

429 4130 691 4189 criticam.
