3125 4692
1493 283 1577 365 14

606 488 824 581 Atque
877 517 946 561 re
1001 514 1154 560 vera
1204 517 1333 559 non
1377 515 1667 580 magnam
1709 493 1906 558 fuisse
1952 490 2341 578 diligentiam
2382 479 2695 556 Macrobii

430 611 655 690 poetae
717 601 912 666 verba
973 600 1292 666 afferentis
1357 600 1589 666 docent
1650 600 1891 686 aliquot
1952 621 2168 663 eorum
2232 597 2539 679 locorum,
2613 596 2694 661 de

429 708 655 795 quibus
701 706 1051 793 disputavit
1092 706 1480 772 Ribbeckius
1534 707 1603 771 in
1654 704 2112 793 prolegomenis
2167 703 2399 768 criticis
2454 726 2514 791 p.
2562 706 2689 768 210

429 823 503 879 ut
554 814 645 878 1111
651 863 672 895 ,
734 835 892 899 quos
948 813 1229 879 codicem
1289 835 1418 878 non
1471 811 1910 900 inspicientem
1948 810 2321 876 ‘memoriter
2384 831 2529 875 eum
2583 807 2695 873 ad-

432 920 760 1006 scripsisse
804 919 1194 986 Ribbeckius
1240 919 1430 986 vidit:

518 1028 680 1094 Aen.
723 1025 816 1090 H.
863 1029 990 1092 222
1039 1049 1183 1112 sqq:

751 1132 1075 1200 Clamores
1121 1132 1307 1198 simul
1349 1131 1697 1198 horrendos
1744 1131 1825 1197 ad
1871 1130 2079 1197 sidera
2121 1130 2303 1212 tollit,

750 1239 974 1317 Qualis
1019 1240 1314 1326 mugituS,
1358 1240 1521 1326 fugit
1565 1261 1707 1303 cum
1751 1239 1999 1303 saucius
2044 1261 2182 1303 aras

747 1345 1011 1410 Taurus

430 1475 490 1520 v.
524 1455 670 1518 222.
700 1451 982 1516 Macrob.
1013 1459 1127 1517 sat.
1157 1449 1284 1521 IV.
1319 1455 1375 1517 5.
1417 1455 1475 1517 8.
1520 1453 1816 1538 muyitus
1847 1451 2049 1516 veluti
2077 1451 2255 1536 fuqit
2292 1473 2343 1516 e.
2375 1474 2434 1537 q.
2465 1474 2514 1516 S.

517 1560 679 1625 Aen.
723 1558 814 1624 H.
861 1561 1009 1624 416.

747 1663 1026 1730 Adversi
1071 1672 1258 1752 rupto
1305 1687 1422 1731 ceu
1465 1663 1783 1752 quondam
1825 1665 2075 1731 turbine
2120 1656 2296 1732 venti

713 1770 1112 1855 Confligunt
1157 1795 1209 1836 e.
1255 1795 1316 1858 q.
1373 1795 1423 1838 s·

609 1877 892 1942 Macrob.
941 1884 1056 1942 sat.
1085 1875 1214 1945 VI.
1262 1882 1320 1942 2.
1355 1882 1465 1944 28.
1513 1879 1757 1944 diversi
1800 1899 2057 1963 magno,
2139 1877 2440 1945 Codicem
2486 1887 2696 1944 autem

434 1983 494 2050 ei
536 1983 732 2050 fuisse
780 1984 936 2050 vitio
967 1983 1093 2064 illc,
1140 2006 1264 2070 quo
1309 1984 1453 2050 libri
1497 2007 1665 2050 nunc
1712 1993 2030 2051 exstantes
2070 1985 2354 2073 plurimis
2383 1986 2539 2052 locis
2585 1985 2696 2052 de-

430 2091 805 2172 formantur,
852 2088 993 2155 dico
1036 2089 1378 2155 lectionum
1422 2113 1503 2157 ex
1548 2091 1738 2156 simili
1781 2091 1921 2156 loco
1967 2093 2550 2175 contaminatarum,
2604 2093 2697 2158 af-

429 2197 664 2262 fectum
710 2195 1035 2262 enucleare
1079 2195 1229 2261 licet
1274 2219 1356 2264 ex
1399 2197 1573 2264 hisce
1616 2198 1800 2264 locis:

519 2303 680 2368 Aen.
725 2301 890 2372 VH.
937 2305 1084 2368 655.

747 2408 908 2473 Post
949 2408 1067 2473 hos
1112 2410 1422 2498 insignem
1465 2409 1674 2498 palma
1715 2433 1831 2498 per
1874 2411 2152 2498 gramina
2192 2435 2439 2478 currum

747 2512 1173 2602 Victoresque
1219 2525 1498 2581 ostentat
1541 2539 1739 2604 equos
1785 2526 1957 2584 satus
2002 2519 2280 2584 Hercule
2325 2542 2379 2584 e.
2424 2542 2484 2604 q.
2530 2540 2579 2584 s.

608 2620 892 2686 Macrob.
939 2630 1053 2686 sat.
1100 2621 1190 2692 V.
1226 2626 1326 2688 15.
1371 2626 1451 2688 15
1497 2624 1830 2709 insiynem
1874 2625 2081 2709 fama,
2128 2648 2316 2712 quam
2358 2625 2694 2690 lectionem

432 2750 529 2794 ex·
574 2750 635 2795 v.
685 2731 830 2792 745.

605 2833 875 2916 „Ufens,
936 2833 1248 2921 insignem
1299 2835 1466 2900 fama
1519 2843 1586 2902 et
1636 2835 1921 2903 felicibus
1977 2837 2202 2904 armis“
2262 2837 2499 2902 illatam
2555 2859 2694 2904 esse

430 2939 852 3008 Ribbeckium
894 2940 1074 3027 fugit.

519 3049 681 3114 Aen.
726 3047 891 3118 VH.
939 3051 1083 3114 528.

747 3153 1010 3220 Fluctus
1056 3155 1150 3219 uti
1179 3155 1381 3242 primo
1413 3153 1625 3243 coepit
1663 3179 1807 3223 cum
1836 3156 2151 3225 albescere
2181 3166 2376 3226 vento

431 3257 714 3329 Macrob.
763 3270 878 3326 sat.
922 3259 1012 3329 V.
1062 3266 1162 3328 13.
1196 3266 1278 3328 20
1325 3266 1534 3349 eoepit
1576 3285 1729 3330 eum
1772 3267 2081 3332 albescere
2116 3273 2322 3352 ponto
2353 3261 2695 3332 secundum

430 3390 488 3454 g.
532 3367 660 3433 m.
708 3371 855 3434 237.

747 3474 1011 3540 Fluctus
1055 3473 1150 3540 uti
1193 3474 1402 3542 medio
1449 3475 1659 3566 coepit
1703 3499 1845 3544 cum
1888 3477 2203 3547 albescere
2248 3489 2463 3568 pont0.

520 3579 682 3647 Aen.
727 3580 891 3651 VH.
940 3585 1086 3648 796.

720 3683 840 3751 ·Et
884 3686 1191 3754 Sacranae
1237 3689 1400 3756 acies
1448 3699 1514 3756 et
1555 3689 1711 3779 picti
1757 3700 1936 3758 scuta-
1979 3691 2216 3761 Labici.

609 3791 893 3861 Macrob.
939 3805 1053 3861 sat.
1097 3797 1188 3866 V.
1238 3802 1338 3863 15.
1389 3801 1498 3864 19:
1550 3800 1751 3864 Stant
1788 3801 2200 3888 (Gauranae)
2256 3799 2428 3866 acies
2472 3821 2694 3867 secun-

435 3894 588 3967 dum
630 3901 720 3968 Π.
770 3906 924 3968 3332
970 3908 1105 3968 stat
1146 3904 1314 3988 fem·
1357 3906 1546 3972 acies.

521 4026 683 4094 Aen.
728 4023 929 4096 Vm.
978 4030 1078 4094 90.

751 4135 924 4226 Ergo
968 4135 1091 4202 iter
1131 4134 1452 4226 inceptum
1495 4135 1771 4206 celerant
1814 4161 2063 4208 rumore
2109 4137 2407 4212 secundo-
