3125 4692
1669 227 1751 309 {32

755 433 937 514 Quae
955 434 1181 521 Henry
1211 433 1294 499 ad
1322 433 1657 501 lectionem
1686 437 1883 502 limbo
1903 434 2363 502 defendendam
2386 435 2761 524 conscripsit
2775 439 2846 521 ¹),

578 563 705 606 non
749 549 879 606 tam
921 543 1139 627 gravia
1183 551 1346 622 sunt,
1390 551 1464 606 ut
1491 552 1752 631 propter
1780 564 1857 608 ea
1884 542 2136 608 lectioni
2180 543 2259 608 ab
2292 543 2581 610 omnibus
2613 542 2847 609 codici-

577 649 696 714 bus
759 647 1025 713 traditae
1088 646 1499 735 praeferenda
1572 648 1655 714 sit
1724 631 1911 714 lectio
1984 648 2156 713 nulla
2227 648 2482 713 omnino
2543 649 2845 714 librorum

578 755 1142 841 manuscriptorum
1177 755 1545 819 auctoritate
1576 757 1845 837 firmata3
1889 779 2035 820 nam
2079 753 2250 840 quod
2296 754 2361 818 in
2391 754 2843 820 recentioribus

575 859 950 947 quibusdam
979 860 1135 941 aliie,
1179 860 1553 925 Monacensi
1590 857 1823 943 10719,
1866 861 2204 926 Basiliensi
2244 861 2318 926 F.
2349 861 2439 926 H.
2474 865 2600 942 23„
2649 863 2843 926 limbo

577 965 692 1053 pro
724 967 898 1032 varia
926 967 1195 1031 lectione
1226 966 1562 1048 invenitur,
1610 966 1831 1033 eodem
1869 966 2057 1034 modo
2090 991 2170 1032 ex
2201 967 2409 1033 Servii
2439 967 2845 1034 adnotatione

587 1071 1026 1160 explicandum
1083 1081 1181 1137 est
1235 1095 1360 1158 quo
1413 1073 1601 1140 lectio
1655 1073 1975 1140 Moretani
2032 1073 2309 1139 secundi.
2409 1073 2586 1153 Quid
2642 1075 2851 1140 enim?

574 1179 763 1260 Num,
809 1187 882 1243 ut
926 1179 1031 1243 ille
1077 1178 1248 1259 dicit,
1293 1179 1413 1244 hoc
1457 1180 1597 1245 loco
1643 1191 1888 1246 vestem
1916 1180 2248 1247 Minervae
2294 1189 2847 1246 commemoratam

577 1308 716 1350 esse
749 1293 1015 1372 oportet,
1045 1285 1194 1371 quia
1221 1285 1359 1350 aliis
1389 1285 1544 1350 locis
1576 1286 1907 1372 Vergilius
1936 1287 2106 1352 viros
2136 1287 2523 1374 feminasque
2556 1287 2845 1375 superbis

574 1392 859 1458 vestibus
906 1400 1158 1456 ornatos
1204 1392 1486 1457 inducit?
1559 1393 1765 1471 Quasi
1816 1416 1944 1457 non
2000 1416 2217 1459 omnes
2272 1393 2510 1458 heroici
2554 1393 2845 1459 carminis

577 1507 801 1586 poetae
847 1497 915 1563 id
958 1498 1164 1563 facere
1210 1499 1500 1564 solerent.

755 1605 892 1670 Aut
935 1603 1079 1669 ideo
1129 1606 1325 1671 limbo
1369 1603 1801 1691 recipiendum
1846 1613 1945 1670 est
1975 1606 2145 1692 quod
2183 1606 2249 1671 in
2280 1607 2539 1673 artificio
2570 1604 2846 1695 quodam

579 1713 910 1778 Minervae
965 1712 1223 1799 peplum
1274 1713 1580 1777 latissimo
1633 1712 1827 1782 limbo
1882 1722 2169 1778 ornatum
2223 1717 2365 1780 est?

752 1817 1074 1899 Weidner,
1085 1822 1134 1902 2)
1179 1827 1252 1883 ut
1298 1818 1494 1883 limbo
1541 1816 1857 1899 defendat,
1901 1819 2259 1886 Minervam
2295 1819 2693 1911 περσέπολιν
2737 1827 2847 1884 aut

579 1924 952 2016 ἒρυσίπολιν
996 1923 1374 2012 descriptam
1435 1923 1707 2010 ideoque
1762 1948 1918 1991 voce
1975 1928 2171 1992 limbo
2235 1926 2408 2013 pepli
2461 1927 2844 1992 mentionem

577 2031 807 2096 factam
853 2053 992 2096 esse
1041 2040 1328 2119 oportere
1375 2031 1544 2097 dicit.
1637 2032 1785 2113 Sed,
1830 2041 1901 2097 ut
1946 2031 2012 2097 id
2057 2033 2182 2114 fiat,
2228 2055 2378 2098 sane
2408 2033 2606 2098 multo
2643 2033 2840 2118 magis

575 2137 789 2222 galeae
837 2146 946 2201 aut
989 2137 1204 2202 hastae
1251 2139 1486 2203 mentio
1530 2139 1666 2202 fieri
1711 2137 2010 2219 debebat,
2056 2162 2243 2225 quam
2294 2138 2485 2226 pepli.
2574 2138 2841 2224 Peplum

579 2244 743 2308 enim
787 2244 944 2309 bem
967 2252 1214 2309 vestem
1255 2267 1384 2308 non
1430 2267 1590 2326 esse,
1636 2243 1750 2310 sed
1794 2245 1987 2332 paciS,
2034 2246 2269 2332 optime
2316 2243 2674 2310 demontrat
2702 2243 2843 2310 Ho-

575 2373 784 2416 merus
828 2349 924 2431 IL,
967 2350 1057 2419 V.
1109 2352 1233 2416 733
1281 2353 1478 2437 sqq.3)
1735 2337 1746 2350 ⁸

892 2453 1130 2548 Αὐτὰρ
1170 2453 1513 2550 Ἀθηναίη,
1561 2456 1761 2550 κούρη
1808 2457 1968 2540 Διὸς
2011 2455 2346 2547 αἰγιόχοιο,

892 2563 1165 2632 Πέπλον
1207 2564 1323 2651 μὲν
1367 2563 1693 2648 κατέχευεν
1736 2561 1920 2633 ἑανὸν
1964 2564 2213 2654 πατρὸς
2259 2560 2364 2633 ἐπ’
2418 2558 2613 2648 οἷῖδει,

892 2668 1228 2755 Ποικίλον,
1275 2663 1347 2739 ὃν
1391 2667 1442 2761 ῥ’
1479 2666 1643 2763 αὖτὴ
1689 2670 2018 2764 ποιήσατο
2073 2671 2186 2739 καὶ
2232 2669 2397 2758 κάμε
2438 2669 2663 2762 χερσίν.

886 2773 983 2844 ‘H
1021 2777 1097 2844 δὲ
1134 2773 1339 2861 χιτῶν’
1391 2777 1623 2845 ἐνδῦσα
1670 2776 1830 2859 Διὸς
1872 2776 2357 2870 νεφεληγερέταο

901 2881 1196 2968 Τεύχεσιν
1241 2883 1304 2964 ἒς
1347 2881 1637 2969 πόλεμον
1679 2881 2056 2973 θωρήσσετο
2103 2881 2507 2974 δακρυόεντα.
2556 2905 2608 2948 e.
2639 2905 2701 2969 q.
2734 2905 2784 2948 s,

751 2996 899 3063 Hoc
927 2998 1067 3063 loco
1095 2998 1409 3078 Minerva,
1455 3020 1598 3062 cum
1633 2996 1714 3061 ad
1758 2996 2119 3063 bellandum
2164 3019 2231 3062 se
2270 3005 2607 3086 comparat,
2651 2999 2840 3086 peplo

581 3102 872 3193 deposito
918 3105 1170 3170 chitona
1212 3104 1434 3169 induit.

752 3211 864 3277 Ad
893 3214 1080 3276 finem
1111 3212 1529 3299 pervenimuS.
1578 3210 1802 3276 Lectio
1833 3210 2059 3276 nimbo
2092 3210 2404 3297 effulyens
2433 3211 2583 3276 ferri
2612 3220 2839 3298 potest.

583 3322 642 3404 1)
707 3318 926 3384 eadem
991 3319 1304 3384 sententia
1364 3341 1463 3392 ac:
1553 3317 1801 3403 fulgens
1866 3340 1945 3382 ex
1997 3318 2272 3384 tenebris
2327 3341 2441 3404 per
2484 3316 2838 3383 incendium

577 3425 836 3505 coortis3
885 3428 946 3508 2)
993 3423 1216 3490 eodem
1248 3448 1435 3490 sensu
1481 3447 1580 3490 ac:
1629 3422 1960 3511 splendore
1991 3423 2257 3511 fulgem„
2303 3422 2474 3510 quod
2514 3446 2632 3510 ego
2662 3446 2843 3510 prae-

575 3531 710 3596 fero
725 3555 742 3611 ;
791 3534 850 3615 3)
899 3531 1095 3596 limbo
1139 3553 1342 3618 neque
1389 3540 1607 3618 aptum
1652 3539 1750 3595 est
1792 3553 1994 3616 neque
2040 3531 2107 3596 in
2150 3531 2327 3596 libris
2359 3551 2545 3596 manu
2592 3530 2840 3617 scriptis

575 3637 922 3717 invenitur3
992 3640 1053 3722 4)
1102 3660 1290 3704 voces
1344 3637 1540 3703 nimbi
1596 3646 1660 3702 et
1710 3637 1886 3703 limbi
1939 3661 2241 3725 persaepe
2286 3646 2561 3704 mutatae
2608 3646 2756 3704 sunt
2763 3639 2839 3721 3⁴)

754 3849 800 3915 ¹)
836 3849 1040 3918 Hom-y,
1077 3848 1436 3906 Fleckeisenii
1471 3850 1697 3906 annales
1733 3849 1974 3906 LXXIII
2010 3865 2060 3920 p.
2098 3848 2203 3904 458
2236 3867 2314 3920 sq.

749 3935 802 4003 ²)
839 3935 1115 4004 Weidner,
1151 3937 1184 3990 1.
1223 3936 1255 3990 l.

749 4021 801 4091 ⁸)
838 4022 904 4078 cf.
943 4023 1168 4092 Pauor,
1207 4022 1551 4080 Griechische
1587 4022 1943 4094 Mythologie.

751 4109 804 4190 ⁴)
839 4109 905 4167 cf.
945 4109 1133 4184 Henry
1167 4109 1200 4166 1.
1240 4109 1274 4166 l.
