3125 4692
1556 238 1751 324 34

1416 449 1734 516 inimicam
1775 449 1994 516 findite
2037 449 2258 516 rostris
2288 498 2298 503 -

886 539 1075 622 Hanc
1119 564 1355 624 terram
1398 557 1765 643 sulcumque
1811 557 1934 624 sibi
1977 565 2236 644 premat.
2264 559 2406 644 ipsa
2449 555 2672 624 carina.

750 680 1039 762 Accedit,
1085 679 1257 767 quod
1288 681 1551 747 verbum
1580 681 1847 767 spirant
1886 680 2007 745 hoc
2035 680 2174 745 loco
2204 681 2458 745 minime
2490 680 2842 767 significatu

566 788 940 874 pervulgato
994 810 1033 852 a
1084 786 1377 874 Vergilio
1430 794 1802 874 usurpatum
1855 795 1971 853 est.
2057 787 2262 851 Immo
2317 810 2485 869 cum,
2539 796 2843 873 quantum

568 895 718 976 sci0,
763 902 1015 981 praeter
1055 891 1225 980 hunc
1268 892 1477 980 locum
1519 915 1830 982 nusquam
1874 892 1998 958 nisi
2043 892 2125 959 Gr.
2169 893 2225 962 I.
2277 896 2423 960 327.
2511 894 2843 980 fervetque

562 1001 753 1085 fretis
798 1000 1215 1088 spirantibus
1259 1020 1504 1084 aequor
1557 997 1638 1064 de
1693 1001 1882 1064 maris
1937 1007 2118 1064 aestu
2172 998 2410 1064 dictum
2463 999 2842 1082 inveniatur,

561 1105 855 1172 facillime
900 1105 1184 1172 accidere
1229 1113 1497 1193 poterat,
1542 1114 1616 1170 ut
1646 1128 1850 1171 sermo
1897 1106 2182 1170 insuetus
2213 1105 2570 1171 aboleretur
2614 1115 2681 1171 et
2721 1131 2840 1194 per

564 1215 985 1280 coniecturam
1032 1237 1176 1278 cum
1206 1233 1493 1278 sermone
1524 1213 1852 1278 usitatiore
1884 1221 1950 1277 et
1978 1213 2175 1298 magis
2207 1199 2504 1293 dilucido,
2549 1215 2838 1299 quamvis

559 1320 738 1402 fals0,
782 1327 1261 1408 permutaretur.
1327 1320 1567 1384 Tamen
1598 1321 1811 1385 nescio
1857 1343 1938 1384 an
1966 1341 2101 1384 rem
2129 1319 2360 1383 rectius
2390 1319 2482 1383 ita
2513 1320 2839 1406 explicem,

564 1434 636 1491 ut
688 1436 799 1492 aut
851 1435 1115 1514 propter
1159 1424 1633 1492 similitudinem
1675 1427 1996 1492 literarum
2039 1425 2101 1488 E
2146 1420 2212 1490 et
2253 1425 2292 1490 Ι
2335 1425 2532 1492 verba
2573 1449 2840 1513 sperare

563 1542 629 1600 et
672 1535 930 1620 spirare
983 1540 1339 1620 permutata
1392 1533 1521 1598 sint
1575 1541 1684 1597 aut
1735 1533 2026 1600 librarius
2083 1555 2163 1596 ex
2216 1555 2438 1598 versus
2493 1535 2838 1620 superioris

530 1649 722 1708 ‘voce
768 1640 1202 1706 SPEculatus
1254 1649 1385 1704 tres
1441 1639 1686 1726 priores
1739 1639 1954 1704 literas
2009 1639 2076 1703 in
2131 1662 2385 1704 versum
2441 1643 2566 1706 291
2632 1648 2840 1706 trans—

560 1748 777 1812 tulerit
822 1755 889 1811 et
936 1747 1271 1812 SPErant
1313 1745 1652 1832 scripserit,
1697 1744 1869 1831 quod
1909 1745 2206 1811 credibile
2238 1755 2353 1828 est,
2399 1770 2542 1811 cum
2570 1756 2838 1834 utraque

561 1875 690 1920 vox
735 1852 964 1919 iisdem
992 1852 1193 1918 literis
1226 1852 1330 1917 SP
1360 1852 1638 1938 incipiat.
1705 1852 1995 1936 Sperant
2022 1861 2234 1918 autem
2263 1877 2402 1918 cum
2432 1877 2562 1919 non
2591 1855 2838 1922 intelle-

556 1969 838 2046 geretur,
897 1961 1124 2026 collato
1179 1983 1241 2024 v.
1290 1962 1417 2024 290
1474 1960 1848 2044 speculatus
1905 1959 2099 2023 litora
2148 1960 2442 2025 Tarcho-n
2494 1960 2561 2025 in
2614 1968 2840 2046 sperat

559 2074 871 2132 mutatum
917 2075 1032 2132 est.
1098 2065 1295 2144 Quod
1341 2088 1481 2130 esse
1526 2065 1786 2151 antiquo
1831 2073 2115 2151 tempore
2144 2066 2379 2131 factum
2407 2065 2597 2132 docet
2627 2067 2836 2134 Servii

557 2171 913 2239 adnotatio:
959 2173 1264 2259 ,fipirant
1305 2172 1535 2258 legitur
1579 2179 1645 2236 et
1672 2178 1945 2259 speraff‘.
2019 2155 2357 2238 Librarios'
2388 2182 2600 2238 autem
2643 2197 2831 2261 saepe

557 2280 625 2344 in
670 2281 1027 2367 superiores
1074 2302 1296 2345 versus
1343 2279 1734 2344 aberravisse
1781 2286 1848 2342 et
1885 2275 2032 2342 inde
2062 2300 2294 2366 paucas
2323 2279 2537 2344 literas
2573 2279 2641 2343 in
2671 2303 2825 2360 eum,

556 2409 749 2472 quem
792 2387 1168 2468 scribebant,
1214 2408 1470 2452 versum
1512 2384 1932 2465 transtulisse,
1977 2385 2130 2450 satis
2169 2391 2391 2450 notum
2435 2392 2535 2450 est
2580 2395 2646 2450 et
2689 2409 2831 2474 per-

555 2493 769 2558 multis
817 2493 1123 2579 exemplis
1169 2515 1249 2558 ex
1292 2492 1527 2580 nostris
1575 2490 1897 2557 codicibus
1939 2492 2207 2578 sumptis
2239 2493 2652 2558 confirmatur.
2727 2491 2833 2556 Ex

556 2599 785 2686 quibus
830 2599 988 2664 haec
1032 2599 1225 2685 eligo:

646 2723 757 2789 ecl.
802 2722 969 2794 VII.
1018 2727 1119 2789 55.

875 2831 1111 2896 Omnia
1152 2852 1320 2896 nunc
1363 2828 1600 2896 ridente
1647 2838 1715 2896 at
1760 2830 1815 2896 si
1859 2828 2217 2898 formonsus
2262 2829 2487 2898 Alexis

874 2938 1210 3003 Montibus
1254 2937 1355 3002 his
1403 2937 1606 3018 abeat,
1651 2937 1870 3004 videas
1917 2947 1984 3003 et
2024 2939 2281 3004 flumina
2325 2941 2490 3006 sicca

548 3043 632 3110 P:
680 3043 932 3112 abeRIt
973 3052 1235 3132 propter
1276 3042 1533 3110 RIdent
1579 3047 1682 3110 55.

642 3151 759 3216 ecl.
800 3150 966 3222 VII.
1014 3154 1117 3216 53.

874 3255 1062 3322 Stant
1107 3265 1173 3322 et
1215 3254 1489 3346 iuniperi
1536 3266 1603 3323 et
1645 3263 1972 3326 castaneae
2015 3256 2312 3328 hirsutae.

872 3362 1085 3428 Strata
1138 3364 1347 3430 iacent
1398 3367 1635 3452 passim
1691 3388 1806 3432 sua
1849 3389 2134 3455 quaeque
2189 3370 2308 3436 sub
2353 3367 2575 3436 arbore
2619 3388 2825 3458 poma.

544 3469 633 3538 P:
679 3468 836 3536 Isua
879 3477 1141 3559 propter
1184 3471 1484 3558 iuniperI.

636 3577 799 3644 Aen.
842 3577 899 3643 I.
948 3579 1094 3644 336.

721 3721 725 3727 ·
864 3682 1245 3771 Virginibus
1289 3683 1500 3773 Tyriis
1546 3705 1682 3753 mos
1731 3695 1830 3754 est
1871 3697 2118 3775 gestare
2163 3686 2518 3776 pharetram

866 3789 1319 3879 Purpureoque
1366 3794 1491 3858 alte
1537 3817 1714 3860 suras
1760 3796 1998 3863 vincire
2044 3795 2368 3863 cothurno.

543 3896 630 3965 P:
678 3895 880 3964 RIras
924 3907 1186 3986 propter
1228 3899 1503 3986 TyRIis.

633 4004 797 4072 Aen.
844 4004 974 4076 IV.
1021 4009 1126 4071 84.

860 4112 998 4181 Aut
1040 4113 1281 4204 gremio
1325 4113 1676 4182 Ascanium
1718 4115 2021 4203 genitoris
2067 4116 2337 4206 imagine
2383 4127 2568 4210 capta
