3125 4692
71 1121 73 1128 „
38 1039 78 1092 ’,ἦ
38 670 65 952 *c—-nss-
57 612 64 621 .

38 2615 41 2634 -
37 2516 47 2604 w·—

1391 237 1470 314 17

295 443 487 526 bium,
533 442 654 510 etsi
701 443 836 508 eius
877 440 1078 507 codex
1107 464 1322 508 veram
1363 441 1699 508 lectionem
1741 438 2088 527 praeberet,
2133 439 2188 505 si
2231 439 2393 504 forte
2438 429 2562 503 loci

296 551 648 632 Homerici,
713 571 900 635 quem
944 548 1272 636 Vergilius
1318 549 1599 614 imitatus
1644 555 1795 628 erat,
1838 546 2245 627 meminisset,
2288 543 2585 696 Vergilii·

296 666 540 722 textum
583 657 928 721 Homerico
973 655 1402 722 adsimulasse.

383 764 547 828 Aen.
593 763 717 827 IX.
769 766 914 828 328.
2225 825 2229 829 .

617 869 746 934 Sed
791 892 919 934 non
965 868 1223 954 augurio
1269 867 1479 955 potuit
1523 866 1839 953 depellere
1885 873 2148 953 pestem.

296 977 378 1040 In
425 974 738 1041 Macrobii
782 975 1072 1039 Parisino
1118 974 1383 1060 legimus
1430 982 1593 1039 teste
1639 972 2139 1059 Eyssenhardtio
2185 978 2320 1060 (sat.
2365 975 2454 1044 V.
2505 979 2563 1060 9,

301 1084 402 1166 10)
447 1083 560 1146 sed
600 1103 741 1147 ‘non
785 1081 1094 1165 auywriis
1133 1089 1400 1168 propter
1441 1081 1635 1146 Hom.
1679 1079 1756 1146 Il.
1801 1079 1892 1146 H.
1942 1085 2043 1146 59.

599 1179 783 1254 ’Ἀλλ’
821 1183 940 1256 οὖκ
985 1185 1311 1256 οἰωνοῖσιν
1357 1185 1667 1279 ἐρύσσατο
1706 1192 1893 1280 Κῆρα
1936 1188 2265 1274 μέλαιναν.

385 1292 548 1358 Aen.
592 1292 718 1357 IX.
769 1295 914 1358 767.

616 1397 1127 1486 Alcandrumque
1172 1398 1559 1486 Haliumque
1593 1400 2045 1486 Noemonaque
2076 1401 2536 1490 Prytanimq'ue
2546 1431 2565 1487 3

300 1527 424 1592 quo
471 1506 611 1570 loco
657 1505 1042 1587 MacrobiuS,
1088 1516 1202 1571 sat.
1247 1506 1337 1575 V.
1373 1509 1473 1571 17.
1523 1509 1603 1570 17
1650 1515 1912 1592 propter
1952 1507 2144 1572 Hom.
2188 1507 2266 1575 11.
2296 1508 2385 1578 V.
2421 1513 2567 1577 678.

607 1606 1008 1703 ’Ἀλκανὸρόν
1051 1609 1123 1680 θ’
1163 1609 1393 1683 Ἅλιόν
1434 1638 1504 1680 τε
1549 1610 1859 1704 Νοήμονά
1901 1640 1971 1682 τε
2014 1614 2341 1706 Πρύτανίν
2383 1644 2453 1686 τε

298 1741 591 1805 graecam
634 1719 906 1784 nominis
938 1719 1202 1784 formam
1231 1719 1572 1804 Prytanin
1600 1742 1716 1806 pro
1747 1720 1941 1785 latina
1970 1721 2328 1806 Prytanim
2357 1723 2566 1789 tradit.

267 1877 276 1886 .
386 1826 547 1891 Aen.
594 1825 722 1891 IX.
773 1829 918 1891 782.

614 1933 796 2011 Quos
842 1932 998 1997 alios
1044 1953 1275 2011 murOS,
1321 1953 1480 2017 quae
1526 1932 1651 1996 iam
1694 1931 1859 1998 ultra
1901 1935 2149 2000 moenia
2191 1935 2479 2003 habetis?

475 2038 608 2117 Qui
652 2061 873 2103 versus
919 2039 986 2102 in
1016 2037 1347 2118 Macrobii,
1393 2045 1506 2103 sat.
1537 2037 1628 2107 V.
1664 2042 1720 2104 9.
1755 2042 1856 2121 14,
1902 2039 2240 2123 codicibUS,
2286 2044 2567 2130 exeeptis

299 2143 745 2225 deterioribus,
810 2145 901 2208 sic
953 2143 1210 2230 legitur:
1313 2145 1487 2223 Quos
1542 2147 1709 2211 alios
1761 2169 1989 2212 muro-s·
2042 2154 2165 2213 aut
2216 2171 2382 2234 quae
2425 2151 2568 2214 iam

296 2251 559 2315 moenia
603 2251 850 2315 habetis
863 2253 896 2315 ,9
913 2303 931 2334 ,
979 2250 1195 2316 addita
1236 2252 1543 2338 particula
1588 2259 1733 2336 aut,
1790 2275 1933 2318 cum
1985 2254 2350 2321 Macrobius
2397 2256 2567 2343 apud

294 2356 665 2438 Homerum,
709 2357 787 2422 Il.
832 2355 994 2425 XV.
1046 2360 1170 2423 735
1219 2381 1330 2444 sq„
1375 2351 1450 2450 ἦε
1491 2359 1831 2424 invenerit:

606 2455 728 2530 ³He'
770 2461 950 2544 τινάς
995 2490 1208 2556 φαμεν
1251 2459 1419 2533 εἶναι
1465 2461 1867 2559 ἀοσσητῆρας
1913 2463 2193 2554 ὀπίσσω,

607 2561 730 2636 'He'
772 2596 839 2636 τι
884 2576 1086 2655 τεῖχος
1131 2565 1360 2662 ὄρειον,
1411 2569 1448 2640 ὅ
1493 2568 1548 2640 κ’
1602 2568 1869 2664 ἀνδράσι
1916 2573 2130 2662 λοιγὸν
2176 2571 2445 2661 ἀμύναι,
2434 2607 2449 2621 ·

275 2639 547 2742 ’.Αω
594 2676 684 2743 X.
737 2678 882 2741 100.

613 2781 780 2847 Tum
824 2791 1006 2869 pater
1053 2783 1469 2872 omnipotens,
1513 2807 1723 2850 rerum
1768 2786 1869 2851 cui
1913 2784 2115 2873 prima
2156 2795 2440 2874 potestas

615 2888 784 2955 Infit.

298 2990 582 3062 Macrob.
629 3004 742 3062 sat.
788 2995 919 3065 VI.
966 3000 1024 3062 2.
1073 2999 1174 3062 26.
1220 3005 1481 3085 propter
1522 2997 1717 3067 Hom.
1768 2998 1893 3065 Od.
1938 2999 2028 3068 V.
2078 3003 2133 3066 3.
2180 3020 2273 3087 sq.

624 3100 704 3170 Οἳ
752 3103 824 3171 δὲ
866 3104 1020 3172 θεοὶ
1063 3102 1357 3173 θῶκόνδε
1400 3103 1771 3190 καθίζανον,
1819 3106 1883 3173 ἐν
1920 3102 1975 3174 δ’
2012 3100 2137 3199 ἶίρα
2181 3114 2389 3177 τοῖσιν

615 3206 780 3290 Ζεὺς
825 3205 1273 3303 ὑψιβρεμέτης,
1322 3199 1469 3279 οὗτε
1513 3210 1744 3301 κράτος
1788 3212 1925 3279 ἐστὶ
1970 3214 2285 3302 μέγιστον.

295 3341 563 3386 summa
601 3328 890 3407 potestas
936 3323 1133 3404 sribit,
1177 3323 1350 3409 quod
1395 3322 1647 3410 quidem
1694 3325 1758 3388 in
1789 3324 2077 3391 Palatino
2119 3349 2366 3413 quoque
2410 3326 2566 3414 legi-

295 3434 416 3508 tur,
463 3426 579 3493 sed
621 3451 738 3516 pro
784 3429 991 3494 minus
1037 3431 1270 3495 usitato
1309 3432 1540 3516 prima
1586 3431 2027 3517 interpolatum
2076 3432 2341 3499 videtur.

474 3532 834 3600 Secundum
903 3535 1330 3602 Romanorum
1394 3545 1616 3624 poetas
1682 3539 1971 3624 antiquos
2037 3539 2310 3626 Vergilii
2374 3541 2568 3607 verba

293 3641 566 3706 mutavit
608 3641 976 3709 Macrobius
1021 3643 1194 3709 hisce
1237 3643 1413 3708 locis.

385 3787 445 3850 g.
489 3763 581 3829 H.
629 3769 777 3832 246.
823 3787 916 3855 Sq.

613 3890 709 3954 At
755 3909 944 3977 sapor
988 3887 1294 3956 indicium
1337 3891 1526 3958 faciet
1570 3891 1938 3959 manifestus
1985 3902 2052 3960 et
2096 3915 2206 3960 ora

613 3994 854 4062 Tristia
895 4005 1317 4086 temptantum
1361 4021 1552 4065 sensu
1597 4001 1917 4087 torquebit
1960 4023 2217 4066 amaror.

474 4100 868 4190 Macrobius,
928 4113 1042 4172 sat.
1097 4103 1226 4176 VI.
1287 4108 1342 4172 1.
1388 4109 1494 4190 47,
1548 4107 1945 4176 substantivo
2008 4128 2275 4174 amaror
2326 4115 2569 4176 remoto

2222 4231 2259 4294 2
