<?xml version="1.0" encoding="UTF-8"?>
<!DOCTYPE html PUBLIC "-//W3C//DTD XHTML 1.0 Transitional//EN"
    "http://www.w3.org/TR/xhtml1/DTD/xhtml1-transitional.dtd">
<html xmlns="http://www.w3.org/1999/xhtml" xml:lang="en" lang="en">
 <head>
  <title>
</title>
<meta http-equiv="Content-Type" content="text/html;charset=utf-8" />
  <meta name='ocr-system' content='tesseract 3.04.00' />
  <meta name='ocr-capabilities' content='ocr_page ocr_carea ocr_par ocr_line ocrx_word'/>
</head>
<body>
  <div class='ocr_page' id='page_1' title='image "./quaestionesverg00kirsgoog_0031.png"; bbox 0 0 3125 4692; ppageno 0'>
   <div class='ocr_carea' id='block_1_1' title="bbox 1394 247 1481 316">
    <p class='ocr_par' dir='ltr' id='par_1_1' title="bbox 1394 247 1481 316">
     <span class='ocr_line' id='line_1_1' title="bbox 1394 247 1481 316; baseline -0.023 0"><span class='ocrx_word' id='word_1_1' title='bbox 1394 247 1481 316; x_wconf 77' lang='lat'>27</span> 
     </span>
    </p>
   </div>
   <div class='ocr_carea' id='block_1_2' title="bbox 1230 341 1643 352">
    <p class='ocr_par' dir='ltr' id='par_1_2' title="bbox 1230 341 1643 352">
     <span class='ocr_line' id='line_1_2' title="bbox 1230 341 1643 352; baseline 0 4340"><span class='ocrx_word' id='word_1_2' title='bbox 1230 341 1643 352; x_wconf 95' lang='lat' dir='ltr'> </span> 
     </span>
    </p>
   </div>
   <div class='ocr_carea' id='block_1_3' title="bbox 306 439 2576 744">
    <p class='ocr_par' dir='ltr' id='par_1_3' title="bbox 306 439 2576 744">
     <span class='ocr_line' id='line_1_3' title="bbox 482 439 2573 528; baseline -0.001 -22"><span class='ocrx_word' id='word_1_3' title='bbox 482 439 735 507; x_wconf 78' lang='lat' dir='ltr'>Nullius</span> <span class='ocrx_word' id='word_1_4' title='bbox 800 464 947 528; x_wconf 83' lang='lat' dir='ltr'>ergo</span> <span class='ocrx_word' id='word_1_5' title='bbox 1012 440 1246 508; x_wconf 88' lang='lat' dir='ltr'>codicis</span> <span class='ocrx_word' id='word_1_6' title='bbox 1310 443 1682 508; x_wconf 81' lang='lat' dir='ltr'>auctoritate</span> <span class='ocrx_word' id='word_1_7' title='bbox 1743 442 1932 508; x_wconf 88' lang='lat' dir='ltr'>lectio</span> <span class='ocrx_word' id='word_1_8' title='bbox 2001 441 2196 507; x_wconf 80' lang='lat' dir='ltr'><em>limbo</em></span> <span class='ocrx_word' id='word_1_9' title='bbox 2258 440 2573 520; x_wconf 83' lang='lat' dir='ltr'>firmatur3</span> 
     </span>
     <span class='ocr_line' id='line_1_4' title="bbox 306 545 2576 636; baseline -0 -24"><span class='ocrx_word' id='word_1_10' title='bbox 306 571 451 612; x_wconf 89' lang='lat' dir='ltr'>nam</span> <span class='ocrx_word' id='word_1_11' title='bbox 492 549 558 612; x_wconf 92' lang='lat' dir='ltr'>in</span> <span class='ocrx_word' id='word_1_12' title='bbox 604 548 713 613; x_wconf 88' lang='lat' dir='ltr'>illo</span> <span class='ocrx_word' id='word_1_13' title='bbox 758 549 1092 616; x_wconf 89' lang='lat' dir='ltr'>Moretano</span> <span class='ocrx_word' id='word_1_14' title='bbox 1155 551 1394 616; x_wconf 90' lang='lat' dir='ltr'>variam</span> <span class='ocrx_word' id='word_1_15' title='bbox 1445 551 1782 614; x_wconf 90' lang='lat' dir='ltr'>lectionem</span> <span class='ocrx_word' id='word_1_16' title='bbox 1823 556 2083 636; x_wconf 88' lang='lat' dir='ltr'>propter</span> <span class='ocrx_word' id='word_1_17' title='bbox 2127 547 2335 615; x_wconf 83' lang='lat' dir='ltr'>Servii</span> <span class='ocrx_word' id='word_1_18' title='bbox 2379 545 2576 611; x_wconf 88' lang='lat' dir='ltr'>adno-</span> 
     </span>
     <span class='ocr_line' id='line_1_5' title="bbox 306 655 1443 744; baseline 0.003 -25"><span class='ocrx_word' id='word_1_19' title='bbox 306 656 609 720; x_wconf 74' lang='lat' dir='ltr'><strong>tationem</strong></span> <span class='ocrx_word' id='word_1_20' title='bbox 650 655 932 722; x_wconf 77' lang='lat' dir='ltr'><strong>additam</strong></span> <span class='ocrx_word' id='word_1_21' title='bbox 978 679 1118 721; x_wconf 88' lang='lat' dir='ltr'>esse</span> <span class='ocrx_word' id='word_1_22' title='bbox 1164 665 1443 744; x_wconf 85' lang='lat' dir='ltr'>apparet.</span> 
     </span>
    </p>
   </div>
   <div class='ocr_carea' id='block_1_4' title="bbox 303 775 2575 1182">
    <p class='ocr_par' dir='ltr' id='par_1_4' title="bbox 303 775 2575 1182">
     <span class='ocr_line' id='line_1_6' title="bbox 483 775 2573 862; baseline -0.001 -20"><span class='ocrx_word' id='word_1_23' title='bbox 483 778 667 856; x_wconf 78' lang='lat' dir='ltr'>Quae</span> <span class='ocrx_word' id='word_1_24' title='bbox 699 801 841 844; x_wconf 90' lang='lat' dir='ltr'>cum</span> <span class='ocrx_word' id='word_1_25' title='bbox 885 781 975 844; x_wconf 86' lang='lat' dir='ltr'>ita</span> <span class='ocrx_word' id='word_1_26' title='bbox 1020 781 1164 862; x_wconf 91' lang='lat' dir='ltr'>sint,</span> <span class='ocrx_word' id='word_1_27' title='bbox 1208 802 1361 845; x_wconf 90' lang='lat' dir='ltr'>num</span> <span class='ocrx_word' id='word_1_28' title='bbox 1390 788 1560 844; x_wconf 88' lang='lat' dir='ltr'>recte</span> <span class='ocrx_word' id='word_1_29' title='bbox 1592 779 1714 844; x_wconf 88' lang='lat' dir='ltr'>viri</span> <span class='ocrx_word' id='word_1_30' title='bbox 1759 777 1930 844; x_wconf 91' lang='lat' dir='ltr'>docti</span> <span class='ocrx_word' id='word_1_31' title='bbox 1975 777 2123 843; x_wconf 88' lang='lat' dir='ltr'>inde</span> <span class='ocrx_word' id='word_1_32' title='bbox 2169 801 2207 842; x_wconf 90' lang='lat' dir='ltr'>a</span> <span class='ocrx_word' id='word_1_33' title='bbox 2250 775 2573 841; x_wconf 87' lang='lat' dir='ltr'>Ladevico</span> 
     </span>
     <span class='ocr_line' id='line_1_7' title="bbox 304 883 2572 971; baseline 0 -24"><span class='ocrx_word' id='word_1_34' title='bbox 304 893 371 948; x_wconf 89' lang='lat' dir='ltr'>et</span> <span class='ocrx_word' id='word_1_35' title='bbox 412 885 578 948; x_wconf 88' lang='lat' dir='ltr'>inter</span> <span class='ocrx_word' id='word_1_36' title='bbox 622 907 731 949; x_wconf 91' lang='lat' dir='ltr'>eos</span> <span class='ocrx_word' id='word_1_37' title='bbox 776 885 1165 950; x_wconf 83' lang='lat' dir='ltr'>Ribbeckius</span> <span class='ocrx_word' id='word_1_38' title='bbox 1232 885 1429 950; x_wconf 80' lang='lat' dir='ltr'><em>limbo</em></span> <span class='ocrx_word' id='word_1_39' title='bbox 1482 885 1860 971; x_wconf 77' lang='lat' dir='ltr'>receperint,</span> <span class='ocrx_word' id='word_1_40' title='bbox 1924 883 2365 970; x_wconf 88' lang='lat' dir='ltr'>inquirendum</span> <span class='ocrx_word' id='word_1_41' title='bbox 2432 905 2572 947; x_wconf 87' lang='lat' dir='ltr'>esse</span> 
     </span>
     <span class='ocr_line' id='line_1_8' title="bbox 303 988 2575 1079; baseline 0 -25"><span class='ocrx_word' id='word_1_42' title='bbox 303 997 477 1076; x_wconf 89' lang='lat' dir='ltr'>puto.</span> <span class='ocrx_word' id='word_1_43' title='bbox 567 989 817 1056; x_wconf 86' lang='lat' dir='ltr'>Omnis</span> <span class='ocrx_word' id='word_1_44' title='bbox 890 999 1100 1056; x_wconf 89' lang='lat' dir='ltr'>autem</span> <span class='ocrx_word' id='word_1_45' title='bbox 1170 991 1325 1056; x_wconf 86' lang='lat' dir='ltr'>haec</span> <span class='ocrx_word' id='word_1_46' title='bbox 1398 992 1684 1077; x_wconf 73' lang='lat' dir='ltr'>quaestio</span> <span class='ocrx_word' id='word_1_47' title='bbox 1755 989 1994 1079; x_wconf 87' lang='lat' dir='ltr'>pendet</span> <span class='ocrx_word' id='word_1_48' title='bbox 2065 991 2144 1056; x_wconf 90' lang='lat' dir='ltr'>ab</span> <span class='ocrx_word' id='word_1_49' title='bbox 2220 988 2575 1076; x_wconf 85' lang='lat' dir='ltr'>indaganda</span> 
     </span>
     <span class='ocr_line' id='line_1_9' title="bbox 305 1096 1311 1182; baseline 0.002 -22"><span class='ocrx_word' id='word_1_50' title='bbox 305 1096 753 1182; x_wconf 86' lang='lat' dir='ltr'>significatione</span> <span class='ocrx_word' id='word_1_51' title='bbox 802 1099 976 1162; x_wconf 89' lang='lat' dir='ltr'>vocis</span> <span class='ocrx_word' id='word_1_52' title='bbox 1021 1097 1311 1163; x_wconf 72' lang='lat' dir='ltr'>nimbus,</span> 
     </span>
    </p>
   </div>
   <div class='ocr_carea' id='block_1_5' title="bbox 295 1219 2580 2776">
    <p class='ocr_par' dir='ltr' id='par_1_5' title="bbox 295 1219 2580 2263">
     <span class='ocr_line' id='line_1_10' title="bbox 478 1219 2574 1308; baseline -0 -24"><span class='ocrx_word' id='word_1_53' title='bbox 478 1219 694 1306; x_wconf 88' lang='lat' dir='ltr'>Atque</span> <span class='ocrx_word' id='word_1_54' title='bbox 738 1221 1011 1308; x_wconf 90' lang='lat' dir='ltr'>primum</span> <span class='ocrx_word' id='word_1_55' title='bbox 1055 1219 1309 1307; x_wconf 90' lang='lat' dir='ltr'>quidem</span> <span class='ocrx_word' id='word_1_56' title='bbox 1340 1221 1670 1308; x_wconf 85' lang='lat' dir='ltr'>Wagner¹)</span> <span class='ocrx_word' id='word_1_57' title='bbox 1719 1230 1938 1287; x_wconf 86' lang='lat' dir='ltr'>contra</span> <span class='ocrx_word' id='word_1_58' title='bbox 1987 1221 2322 1285; x_wconf 87' lang='lat' dir='ltr'>lectionem</span> <span class='ocrx_word' id='word_1_59' title='bbox 2377 1219 2574 1284; x_wconf 73' lang='lat' dir='ltr'>limbo</span> 
     </span>
     <span class='ocr_line' id='line_1_11' title="bbox 303 1325 2574 1414; baseline 0 -24"><span class='ocrx_word' id='word_1_60' title='bbox 303 1325 625 1408; x_wconf 77' lang='lat' dir='ltr'><strong>disseruit,</strong></span> <span class='ocrx_word' id='word_1_61' title='bbox 689 1329 914 1392; x_wconf 73' lang='lat' dir='ltr'>‘nimbo</span> <span class='ocrx_word' id='word_1_62' title='bbox 979 1329 1293 1414; x_wconf 71' lang='lat' dir='ltr'>effulyens</span> <span class='ocrx_word' id='word_1_63' title='bbox 1354 1328 1525 1394; x_wconf 90' lang='lat' dir='ltr'>idem</span> <span class='ocrx_word' id='word_1_64' title='bbox 1591 1351 1728 1394; x_wconf 88' lang='lat' dir='ltr'>esse</span> <span class='ocrx_word' id='word_1_65' title='bbox 1791 1337 1964 1393; x_wconf 90' lang='lat' dir='ltr'>ratus</span> <span class='ocrx_word' id='word_1_66' title='bbox 2011 1325 2183 1413; x_wconf 91' lang='lat' dir='ltr'>quod</span> <span class='ocrx_word' id='word_1_67' title='bbox 2229 1349 2306 1391; x_wconf 70' lang='lat' dir='ltr'>ea&gt;</span> <span class='ocrx_word' id='word_1_68' title='bbox 2349 1327 2574 1391; x_wconf 74' lang='lat' dir='ltr'>nimbo</span> 
     </span>
     <span class='ocr_line' id='line_1_12' title="bbox 308 1432 2576 1516; baseline 0 -20"><span class='ocrx_word' id='word_1_69' title='bbox 308 1433 589 1516; x_wconf 73' lang='lat' dir='ltr'>fulyenS.</span> <span class='ocrx_word' id='word_1_70' title='bbox 706 1434 839 1512; x_wconf 78' lang='lat' dir='ltr'>Qui</span> <span class='ocrx_word' id='word_1_71' title='bbox 892 1435 1201 1500; x_wconf 75' lang='lat' dir='ltr'>nimbum</span> <span class='ocrx_word' id='word_1_72' title='bbox 1252 1436 1424 1500; x_wconf 88' lang='lat' dir='ltr'>illam</span> <span class='ocrx_word' id='word_1_73' title='bbox 1467 1436 1701 1501; x_wconf 90' lang='lat' dir='ltr'>nubem</span> <span class='ocrx_word' id='word_1_74' title='bbox 1767 1459 1846 1500; x_wconf 87' lang='lat' dir='ltr'>ex</span> <span class='ocrx_word' id='word_1_75' title='bbox 1890 1433 2156 1500; x_wconf 87' lang='lat' dir='ltr'>Homeri</span> <span class='ocrx_word' id='word_1_76' title='bbox 2201 1432 2576 1498; x_wconf 80' lang='lat' dir='ltr'>carminibus</span> 
     </span>
     <span class='ocr_line' id='line_1_13' title="bbox 306 1540 2576 1628; baseline -0 -25"><span class='ocrx_word' id='word_1_77' title='bbox 306 1540 461 1604; x_wconf 89' lang='lat' dir='ltr'>satis</span> <span class='ocrx_word' id='word_1_78' title='bbox 503 1548 719 1606; x_wconf 86' lang='lat' dir='ltr'>notam</span> <span class='ocrx_word' id='word_1_79' title='bbox 764 1563 903 1606; x_wconf 88' lang='lat' dir='ltr'>esse</span> <span class='ocrx_word' id='word_1_80' title='bbox 948 1550 1148 1628; x_wconf 88' lang='lat' dir='ltr'>putat,</span> <span class='ocrx_word' id='word_1_81' title='bbox 1194 1565 1354 1628; x_wconf 89' lang='lat' dir='ltr'>quae</span> <span class='ocrx_word' id='word_1_82' title='bbox 1401 1542 1662 1608; x_wconf 87' lang='lat' dir='ltr'>deorum</span> <span class='ocrx_word' id='word_1_83' title='bbox 1707 1565 1970 1628; x_wconf 83' lang='lat' dir='ltr'>corpora</span> <span class='ocrx_word' id='word_1_84' title='bbox 2013 1540 2209 1606; x_wconf 93' lang='lat' dir='ltr'>oculis</span> <span class='ocrx_word' id='word_1_85' title='bbox 2253 1540 2576 1604; x_wconf 90' lang='lat' dir='ltr'>hominum</span> 
     </span>
     <span class='ocr_line' id='line_1_14' title="bbox 305 1636 2574 1727; baseline -0 -18"><span class='ocrx_word' id='word_1_86' title='bbox 305 1646 635 1712; x_wconf 75' lang='lat' dir='ltr'>subtrahit.</span> <span class='ocrx_word' id='word_1_87' title='bbox 724 1647 1051 1715; x_wconf 88' lang='lat' dir='ltr'>Venerem</span> <span class='ocrx_word' id='word_1_88' title='bbox 1094 1649 1262 1712; x_wconf 86' lang='lat' dir='ltr'>enim</span> <span class='ocrx_word' id='word_1_89' title='bbox 1291 1649 1549 1714; x_wconf 84' lang='lat' dir='ltr'>Aeneae</span> <span class='ocrx_word' id='word_1_90' title='bbox 1598 1649 1814 1713; x_wconf 90' lang='lat' dir='ltr'>oculos</span> <span class='ocrx_word' id='word_1_91' title='bbox 1859 1649 1950 1713; x_wconf 87' lang='lat' dir='ltr'>ita</span> <span class='ocrx_word' id='word_1_92' title='bbox 1994 1648 2236 1712; x_wconf 86' lang='lat' dir='ltr'>acuisse</span> <span class='ocrx_word' id='word_1_93' title='bbox 2269 1644 2440 1727; x_wconf 89' lang='lat' dir='ltr'>dicit,</span> <span class='ocrx_word' id='word_1_94' title='bbox 2484 1636 2574 1725; x_wconf 82' lang='lat' dir='ltr'>ut,</span> 
     </span>
     <span class='ocr_line' id='line_1_15' title="bbox 302 1750 2574 1840; baseline -0 -24"><span class='ocrx_word' id='word_1_95' title='bbox 302 1775 676 1838; x_wconf 88' lang='lat' dir='ltr'>quamquam</span> <span class='ocrx_word' id='word_1_96' title='bbox 720 1754 889 1819; x_wconf 86' lang='lat' dir='ltr'>nube</span> <span class='ocrx_word' id='word_1_97' title='bbox 920 1753 1147 1819; x_wconf 87' lang='lat' dir='ltr'>amicta</span> <span class='ocrx_word' id='word_1_98' title='bbox 1192 1755 1292 1835; x_wconf 88' lang='lat' dir='ltr'>sit,</span> <span class='ocrx_word' id='word_1_99' title='bbox 1338 1753 1521 1819; x_wconf 89' lang='lat' dir='ltr'>deam</span> <span class='ocrx_word' id='word_1_100' title='bbox 1567 1755 1968 1819; x_wconf 84' lang='lat' dir='ltr'>nihilominus</span> <span class='ocrx_word' id='word_1_101' title='bbox 2014 1753 2376 1840; x_wconf 89' lang='lat' dir='ltr'>conspiciat.</span> <span class='ocrx_word' id='word_1_102' title='bbox 2445 1750 2574 1816; x_wconf 85' lang='lat' dir='ltr'>Sed</span> 
     </span>
     <span class='ocr_line' id='line_1_16' title="bbox 301 1857 2580 1946; baseline 0 -24"><span class='ocrx_word' id='word_1_103' title='bbox 301 1857 455 1922; x_wconf 90' lang='lat' dir='ltr'>mihi</span> <span class='ocrx_word' id='word_1_104' title='bbox 508 1859 667 1924; x_wconf 91' lang='lat' dir='ltr'>haec</span> <span class='ocrx_word' id='word_1_105' title='bbox 729 1859 1166 1946; x_wconf 88' lang='lat' dir='ltr'>interpretatio</span> <span class='ocrx_word' id='word_1_106' title='bbox 1214 1861 1570 1926; x_wconf 89' lang='lat' dir='ltr'>verisimilis</span> <span class='ocrx_word' id='word_1_107' title='bbox 1615 1883 1742 1926; x_wconf 92' lang='lat' dir='ltr'>non</span> <span class='ocrx_word' id='word_1_108' title='bbox 1785 1859 2064 1942; x_wconf 90' lang='lat' dir='ltr'>videtur,</span> <span class='ocrx_word' id='word_1_109' title='bbox 2091 1925 2096 1932; x_wconf 85' lang='grc'><strong>,</strong></span> <span class='ocrx_word' id='word_1_110' title='bbox 2119 1883 2287 1940; x_wconf 90' lang='lat' dir='ltr'>cum,</span> <span class='ocrx_word' id='word_1_111' title='bbox 2351 1860 2406 1924; x_wconf 90' lang='lat' dir='ltr'>si</span> <span class='ocrx_word' id='word_1_112' title='bbox 2449 1859 2580 1922; x_wconf 88' lang='lat' dir='ltr'>Mi-</span> 
     </span>
     <span class='ocr_line' id='line_1_17' title="bbox 295 1964 2575 2053; baseline 0.001 -26"><span class='ocrx_word' id='word_1_113' title='bbox 295 1985 499 2028; x_wconf 83' lang='lat' dir='ltr'>·nerva</span> <span class='ocrx_word' id='word_1_114' title='bbox 542 1964 801 2029; x_wconf 89' lang='lat' dir='ltr'>Aeneae</span> <span class='ocrx_word' id='word_1_115' title='bbox 848 1966 1186 2053; x_wconf 89' lang='lat' dir='ltr'>conspicua</span> <span class='ocrx_word' id='word_1_116' title='bbox 1231 1975 1355 2047; x_wconf 90' lang='lat' dir='ltr'>est,</span> <span class='ocrx_word' id='word_1_117' title='bbox 1417 1967 1667 2032; x_wconf 89' lang='lat' dir='ltr'>nimbus</span> <span class='ocrx_word' id='word_1_118' title='bbox 1730 1967 1834 2032; x_wconf 93' lang='lat' dir='ltr'>ille</span> <span class='ocrx_word' id='word_1_119' title='bbox 1900 1968 2152 2031; x_wconf 89' lang='lat' dir='ltr'>omnino</span> <span class='ocrx_word' id='word_1_120' title='bbox 2199 1965 2403 2032; x_wconf 87' lang='lat' dir='ltr'>videri</span> <span class='ocrx_word' id='word_1_121' title='bbox 2447 1988 2575 2030; x_wconf 92' lang='lat' dir='ltr'>non</span> 
     </span>
     <span class='ocr_line' id='line_1_18' title="bbox 300 2069 2573 2160; baseline 0.001 -26"><span class='ocrx_word' id='word_1_122' title='bbox 300 2071 526 2156; x_wconf 85' lang='lat' dir='ltr'>possit,</span> <span class='ocrx_word' id='word_1_123' title='bbox 572 2069 843 2157; x_wconf 90' lang='lat' dir='ltr'>ideoque</span> <span class='ocrx_word' id='word_1_124' title='bbox 872 2073 1149 2138; x_wconf 88' lang='lat' dir='ltr'>nesciam</span> <span class='ocrx_word' id='word_1_125' title='bbox 1179 2073 1497 2160; x_wconf 90' lang='lat' dir='ltr'>quomodo</span> <span class='ocrx_word' id='word_1_126' title='bbox 1542 2082 1734 2160; x_wconf 90' lang='lat' dir='ltr'>poeta</span> <span class='ocrx_word' id='word_1_127' title='bbox 1778 2074 1912 2138; x_wconf 88' lang='lat' dir='ltr'>eius</span> <span class='ocrx_word' id='word_1_128' title='bbox 1943 2073 2325 2137; x_wconf 89' lang='lat' dir='ltr'>mentionem</span> <span class='ocrx_word' id='word_1_129' title='bbox 2368 2071 2573 2136; x_wconf 84' lang='lat' dir='ltr'>facere</span> 
     </span>
     <span class='ocr_line' id='line_1_19' title="bbox 300 2176 597 2263; baseline 0 -22"><span class='ocrx_word' id='word_1_130' title='bbox 300 2176 597 2263; x_wconf 90' lang='lat' dir='ltr'>potuerit.</span> 
     </span>
    </p>

    <p class='ocr_par' dir='ltr' id='par_1_6' title="bbox 298 2282 2574 2776">
     <span class='ocr_line' id='line_1_20' title="bbox 473 2282 2574 2373; baseline 0.001 -26"><span class='ocrx_word' id='word_1_131' title='bbox 473 2282 625 2348; x_wconf 88' lang='lat' dir='ltr'>Alia</span> <span class='ocrx_word' id='word_1_132' title='bbox 688 2291 898 2350; x_wconf 86' lang='lat' dir='ltr'>autem</span> <span class='ocrx_word' id='word_1_133' title='bbox 964 2285 1139 2351; x_wconf 89' lang='lat' dir='ltr'>vocis</span> <span class='ocrx_word' id='word_1_134' title='bbox 1202 2285 1474 2350; x_wconf 74' lang='lat' dir='ltr'>nimbus</span> <span class='ocrx_word' id='word_1_135' title='bbox 1546 2286 1916 2371; x_wconf 84' lang='lat' dir='ltr'>significatio</span> <span class='ocrx_word' id='word_1_136' title='bbox 1981 2284 2151 2373; x_wconf 88' lang='lat' dir='ltr'>apud</span> <span class='ocrx_word' id='word_1_137' title='bbox 2214 2285 2574 2372; x_wconf 85' lang='lat' dir='ltr'>Vergilium</span> 
     </span>
     <span class='ocr_line' id='line_1_21' title="bbox 300 2389 2572 2479; baseline 0 -25"><span class='ocrx_word' id='word_1_138' title='bbox 300 2391 644 2471; x_wconf 90' lang='lat' dir='ltr'>invenitur,</span> <span class='ocrx_word' id='word_1_139' title='bbox 707 2413 867 2478; x_wconf 89' lang='lat' dir='ltr'>quae</span> <span class='ocrx_word' id='word_1_140' title='bbox 930 2391 1050 2457; x_wconf 92' lang='lat' dir='ltr'>hoc</span> <span class='ocrx_word' id='word_1_141' title='bbox 1111 2392 1251 2457; x_wconf 91' lang='lat' dir='ltr'>loco</span> <span class='ocrx_word' id='word_1_142' title='bbox 1314 2392 1584 2457; x_wconf 89' lang='lat' dir='ltr'>fortasse</span> <span class='ocrx_word' id='word_1_143' title='bbox 1649 2391 1931 2458; x_wconf 87' lang='lat' dir='ltr'>adhiberi</span> <span class='ocrx_word' id='word_1_144' title='bbox 1998 2399 2229 2479; x_wconf 89' lang='lat' dir='ltr'>potest.</span> <span class='ocrx_word' id='word_1_145' title='bbox 2318 2389 2572 2455; x_wconf 91' lang='lat' dir='ltr'>Dicitur</span> 
     </span>
     <span class='ocr_line' id='line_1_22' title="bbox 302 2497 2574 2584; baseline 0.001 -24"><span class='ocrx_word' id='word_1_146' title='bbox 302 2497 468 2560; x_wconf 89' lang='lat' dir='ltr'>enim</span> <span class='ocrx_word' id='word_1_147' title='bbox 510 2497 781 2562; x_wconf 73' lang='lat' dir='ltr'>nimbus</span> <span class='ocrx_word' id='word_1_148' title='bbox 827 2497 907 2562; x_wconf 91' lang='lat' dir='ltr'>de</span> <span class='ocrx_word' id='word_1_149' title='bbox 954 2499 1229 2563; x_wconf 86' lang='lat' dir='ltr'>tenebris</span> <span class='ocrx_word' id='word_1_150' title='bbox 1246 2548 1264 2578; x_wconf 95' lang='lat'>,</span> <span class='ocrx_word' id='word_1_151' title='bbox 1331 2521 1490 2584; x_wconf 87' lang='lat' dir='ltr'>quae</span> <span class='ocrx_word' id='word_1_152' title='bbox 1555 2499 1936 2580; x_wconf 88' lang='lat' dir='ltr'>efficiuntur,</span> <span class='ocrx_word' id='word_1_153' title='bbox 2004 2521 2146 2562; x_wconf 92' lang='lat' dir='ltr'>cum</span> <span class='ocrx_word' id='word_1_154' title='bbox 2210 2498 2443 2562; x_wconf 88' lang='lat' dir='ltr'>multae</span> <span class='ocrx_word' id='word_1_155' title='bbox 2509 2506 2574 2562; x_wconf 91' lang='lat' dir='ltr'>et</span> 
     </span>
     <span class='ocr_line' id='line_1_23' title="bbox 298 2603 2572 2690; baseline 0.002 -24"><span class='ocrx_word' id='word_1_156' title='bbox 298 2625 533 2689; x_wconf 88' lang='lat' dir='ltr'>parvae</span> <span class='ocrx_word' id='word_1_157' title='bbox 594 2625 695 2668; x_wconf 88' lang='lat' dir='ltr'>res</span> <span class='ocrx_word' id='word_1_158' title='bbox 759 2603 826 2667; x_wconf 92' lang='lat' dir='ltr'>in</span> <span class='ocrx_word' id='word_1_159' title='bbox 888 2611 1029 2668; x_wconf 68' lang='lat' dir='ltr'>aere</span> <span class='ocrx_word' id='word_1_160' title='bbox 1074 2604 1435 2670; x_wconf 88' lang='lat' dir='ltr'>volitantur.</span> <span class='ocrx_word' id='word_1_161' title='bbox 1542 2604 1621 2669; x_wconf 96' lang='lat' dir='ltr'>cf.</span> <span class='ocrx_word' id='word_1_162' title='bbox 1666 2626 1724 2690; x_wconf 91' lang='lat' dir='ltr'>g.</span> <span class='ocrx_word' id='word_1_163' title='bbox 1769 2603 1897 2668; x_wconf 90' lang='lat' dir='ltr'>III.</span> <span class='ocrx_word' id='word_1_164' title='bbox 1959 2607 2108 2672; x_wconf 91' lang='grc'><strong>110.</strong></span> <span class='ocrx_word' id='word_1_165' title='bbox 2223 2605 2317 2668; x_wconf 92' lang='lat' dir='ltr'>At</span> <span class='ocrx_word' id='word_1_166' title='bbox 2359 2604 2572 2670; x_wconf 88' lang='lat' dir='ltr'>fulvae</span> 
     </span>
     <span class='ocr_line' id='line_1_24' title="bbox 298 2701 2057 2776; baseline 0.005 -4"><span class='ocrx_word' id='word_1_167' title='bbox 298 2710 548 2775; x_wconf 89' lang='lat' dir='ltr'>nimbus</span> <span class='ocrx_word' id='word_1_168' title='bbox 598 2731 822 2774; x_wconf 89' lang='lat' dir='ltr'>arenae</span> <span class='ocrx_word' id='word_1_169' title='bbox 868 2710 1155 2776; x_wconf 79' lang='lat' dir='ltr'>Tollitur.</span> <span class='ocrx_word' id='word_1_170' title='bbox 2049 2701 2057 2708; x_wconf 51' lang='lat'><em>⁰</em></span> 
     </span>
    </p>
   </div>
   <div class='ocr_carea' id='block_1_6' title="bbox 296 2834 2575 3988">
    <p class='ocr_par' dir='ltr' id='par_1_7' title="bbox 296 2834 2575 3988">
     <span class='ocr_line' id='line_1_25' title="bbox 330 2834 2575 2922; baseline -0 -21"><span class='ocrx_word' id='word_1_171' title='bbox 330 2893 353 2914; x_wconf 83' lang='grc'><strong><em>,</em></strong></span> <span class='ocrx_word' id='word_1_172' title='bbox 476 2835 783 2901; x_wconf 85' lang='lat' dir='ltr'>Claudian</span> <span class='ocrx_word' id='word_1_173' title='bbox 813 2836 880 2900; x_wconf 91' lang='lat' dir='ltr'>in</span> <span class='ocrx_word' id='word_1_174' title='bbox 910 2835 1057 2900; x_wconf 84' lang='lat' dir='ltr'>Rus.</span> <span class='ocrx_word' id='word_1_175' title='bbox 1080 2835 1171 2900; x_wconf 88' lang='lat' dir='ltr'>H.</span> <span class='ocrx_word' id='word_1_176' title='bbox 1206 2837 1351 2900; x_wconf 85' lang='lat'>176.</span> <span class='ocrx_word' id='word_1_177' title='bbox 1380 2835 1698 2922; x_wconf 91' lang='lat' dir='ltr'>„pulveris</span> <span class='ocrx_word' id='word_1_178' title='bbox 1731 2835 1947 2900; x_wconf 84' lang='lat' dir='ltr'>extolli</span> <span class='ocrx_word' id='word_1_179' title='bbox 1975 2836 2224 2901; x_wconf 89' lang='lat' dir='ltr'>nimbos</span> <span class='ocrx_word' id='word_1_180' title='bbox 2259 2834 2508 2901; x_wconf 88' lang='lat' dir='ltr'>videres</span> <span class='ocrx_word' id='word_1_181' title='bbox 2522 2839 2575 2900; x_wconf 82' lang='lat'>!“</span> 
     </span>
     <span class='ocr_line' id='line_1_26' title="bbox 300 2934 2575 3027; baseline 0 -22"><span class='ocrx_word' id='word_1_182' title='bbox 300 2941 371 3006; x_wconf 83' lang='lat' dir='ltr'>Si</span> <span class='ocrx_word' id='word_1_183' title='bbox 433 2934 594 3005; x_wconf 85' lang='lat' dir='ltr'>hanc</span> <span class='ocrx_word' id='word_1_184' title='bbox 658 2942 1176 3027; x_wconf 87' lang='lat' dir='ltr'>significationem</span> <span class='ocrx_word' id='word_1_185' title='bbox 1238 2940 1319 3005; x_wconf 92' lang='lat' dir='ltr'>ad</span> <span class='ocrx_word' id='word_1_186' title='bbox 1381 2942 1549 3006; x_wconf 91' lang='lat' dir='ltr'>hunc</span> <span class='ocrx_word' id='word_1_187' title='bbox 1610 2943 1818 3007; x_wconf 92' lang='lat' dir='ltr'>locum</span> <span class='ocrx_word' id='word_1_188' title='bbox 1881 2941 2278 3023; x_wconf 86' lang='lat' dir='ltr'>adhibemus,</span> <span class='ocrx_word' id='word_1_189' title='bbox 2346 2941 2575 3006; x_wconf 88' lang='lat' dir='ltr'>dicitur</span> 
     </span>
     <span class='ocr_line' id='line_1_27' title="bbox 297 3046 2573 3136; baseline 0.001 -24"><span class='ocrx_word' id='word_1_190' title='bbox 297 3047 595 3112; x_wconf 87' lang='lat' dir='ltr'>Minerva</span> <span class='ocrx_word' id='word_1_191' title='bbox 662 3046 962 3133; x_wconf 87' lang='lat' dir='ltr'>effulgere</span> <span class='ocrx_word' id='word_1_192' title='bbox 1028 3069 1109 3112; x_wconf 90' lang='lat' dir='ltr'>ex</span> <span class='ocrx_word' id='word_1_193' title='bbox 1170 3049 1447 3114; x_wconf 90' lang='lat' dir='ltr'>tenebris</span> <span class='ocrx_word' id='word_1_194' title='bbox 1512 3051 1668 3114; x_wconf 90' lang='lat' dir='ltr'>ortis</span> <span class='ocrx_word' id='word_1_195' title='bbox 1735 3071 1852 3136; x_wconf 91' lang='lat' dir='ltr'>per</span> <span class='ocrx_word' id='word_1_196' title='bbox 1916 3049 2195 3114; x_wconf 89' lang='lat' dir='ltr'>favillam</span> <span class='ocrx_word' id='word_1_197' title='bbox 2268 3058 2573 3134; x_wconf 88' lang='lat' dir='ltr'>ustaeque</span> 
     </span>
     <span class='ocr_line' id='line_1_28' title="bbox 297 3153 2571 3239; baseline 0.001 -22"><span class='ocrx_word' id='word_1_198' title='bbox 297 3154 592 3218; x_wconf 89' lang='lat' dir='ltr'>materiae</span> <span class='ocrx_word' id='word_1_199' title='bbox 623 3153 959 3239; x_wconf 88' lang='lat' dir='ltr'>particulas</span> <span class='ocrx_word' id='word_1_200' title='bbox 1004 3155 1071 3218; x_wconf 92' lang='lat' dir='ltr'>in</span> <span class='ocrx_word' id='word_1_201' title='bbox 1118 3162 1259 3219; x_wconf 71' lang='lat' dir='ltr'>aere</span> <span class='ocrx_word' id='word_1_202' title='bbox 1308 3156 1645 3221; x_wconf 88' lang='lat' dir='ltr'>volitantes</span> <span class='ocrx_word' id='word_1_203' title='bbox 1693 3164 1758 3220; x_wconf 89' lang='lat' dir='ltr'>et</span> <span class='ocrx_word' id='word_1_204' title='bbox 1801 3156 2058 3220; x_wconf 90' lang='lat' dir='ltr'>fumum.</span> <span class='ocrx_word' id='word_1_205' title='bbox 2126 3155 2335 3221; x_wconf 84' lang='lat' dir='ltr'>Causa</span> <span class='ocrx_word' id='word_1_206' title='bbox 2364 3166 2571 3220; x_wconf 89' lang='lat' dir='ltr'>autem</span> 
     </span>
     <span class='ocr_line' id='line_1_29' title="bbox 296 3259 2573 3348; baseline 0 -23"><span class='ocrx_word' id='word_1_207' title='bbox 296 3260 558 3346; x_wconf 79' lang='lat' dir='ltr'>fillgoris</span> <span class='ocrx_word' id='word_1_208' title='bbox 605 3269 754 3324; x_wconf 87' lang='lat' dir='ltr'>sunt</span> <span class='ocrx_word' id='word_1_209' title='bbox 792 3282 963 3324; x_wconf 89' lang='lat' dir='ltr'>arma</span> <span class='ocrx_word' id='word_1_210' title='bbox 989 3260 1201 3326; x_wconf 83' lang='lat' dir='ltr'>lucida</span> <span class='ocrx_word' id='word_1_211' title='bbox 1229 3262 1552 3326; x_wconf 87' lang='lat' dir='ltr'>Tritoniae</span> <span class='ocrx_word' id='word_1_212' title='bbox 1601 3271 1666 3326; x_wconf 90' lang='lat' dir='ltr'>et</span> <span class='ocrx_word' id='word_1_213' title='bbox 1712 3260 2013 3348; x_wconf 89' lang='lat' dir='ltr'>splendor</span> <span class='ocrx_word' id='word_1_214' title='bbox 2043 3261 2321 3347; x_wconf 86' lang='lat' dir='ltr'>corporis</span> <span class='ocrx_word' id='word_1_215' title='bbox 2354 3259 2573 3342; x_wconf 91' lang='lat' dir='ltr'>divini,</span> 
     </span>
     <span class='ocr_line' id='line_1_30' title="bbox 298 3365 2574 3455; baseline 0.001 -24"><span class='ocrx_word' id='word_1_216' title='bbox 298 3389 423 3452; x_wconf 91' lang='lat' dir='ltr'>quo</span> <span class='ocrx_word' id='word_1_217' title='bbox 469 3365 804 3454; x_wconf 88' lang='lat' dir='ltr'>splendore</span> <span class='ocrx_word' id='word_1_218' title='bbox 851 3367 1008 3431; x_wconf 89' lang='lat' dir='ltr'>miro</span> <span class='ocrx_word' id='word_1_219' title='bbox 1056 3366 1223 3453; x_wconf 89' lang='lat' dir='ltr'>apud</span> <span class='ocrx_word' id='word_1_220' title='bbox 1269 3368 1630 3454; x_wconf 86' lang='lat' dir='ltr'>Vergilium</span> <span class='ocrx_word' id='word_1_221' title='bbox 1676 3367 1927 3455; x_wconf 87' lang='lat' dir='ltr'>saepius</span> <span class='ocrx_word' id='word_1_222' title='bbox 1993 3387 2254 3455; x_wconf 89' lang='lat' dir='ltr'>corpora</span> <span class='ocrx_word' id='word_1_223' title='bbox 2313 3367 2574 3434; x_wconf 91' lang='lat' dir='ltr'>deorum</span> 
     </span>
     <span class='ocr_line' id='line_1_31' title="bbox 296 3472 2003 3558; baseline 0.002 -21"><span class='ocrx_word' id='word_1_224' title='bbox 296 3473 553 3558; x_wconf 88' lang='lat' dir='ltr'>fulgent.</span> <span class='ocrx_word' id='word_1_225' title='bbox 600 3473 676 3537; x_wconf 87' lang='lat' dir='ltr'>cf.</span> <span class='ocrx_word' id='word_1_226' title='bbox 723 3473 885 3537; x_wconf 89' lang='lat' dir='ltr'>Aen.</span> <span class='ocrx_word' id='word_1_227' title='bbox 930 3472 985 3537; x_wconf 92' lang='lat' dir='ltr'>I.</span> <span class='ocrx_word' id='word_1_228' title='bbox 1032 3476 1180 3539; x_wconf 83' lang='lat'>402.</span> <span class='ocrx_word' id='word_1_229' title='bbox 1224 3497 1407 3540; x_wconf 89' lang='lat' dir='ltr'>rosea</span> <span class='ocrx_word' id='word_1_230' title='bbox 1451 3475 1694 3540; x_wconf 87' lang='lat' dir='ltr'>cervice</span> <span class='ocrx_word' id='word_1_231' title='bbox 1739 3475 2003 3540; x_wconf 89' lang='lat' dir='ltr'>refulsit.</span> 
     </span>
     <span class='ocr_line' id='line_1_32' title="bbox 387 3579 891 3648; baseline 0.004 -6"><span class='ocrx_word' id='word_1_232' title='bbox 387 3580 552 3648; x_wconf 91' lang='lat' dir='ltr'>Aen.</span> <span class='ocrx_word' id='word_1_233' title='bbox 599 3579 692 3645; x_wconf 88' lang='lat' dir='ltr'>H.</span> <span class='ocrx_word' id='word_1_234' title='bbox 743 3584 891 3646; x_wconf 87' lang='lat'>589.</span> 
     </span>
     <span class='ocr_line' id='line_1_33' title="bbox 563 3687 2455 3770; baseline 0.003 -20"><span class='ocrx_word' id='word_1_235' title='bbox 563 3687 727 3751; x_wconf 87' lang='lat' dir='ltr'>Cum</span> <span class='ocrx_word' id='word_1_236' title='bbox 770 3687 922 3750; x_wconf 91' lang='lat' dir='ltr'>mihi</span> <span class='ocrx_word' id='word_1_237' title='bbox 970 3709 1058 3767; x_wconf 90' lang='lat' dir='ltr'>se,</span> <span class='ocrx_word' id='word_1_238' title='bbox 1103 3710 1231 3751; x_wconf 91' lang='lat' dir='ltr'>non</span> <span class='ocrx_word' id='word_1_239' title='bbox 1276 3697 1420 3752; x_wconf 90' lang='lat' dir='ltr'>ante</span> <span class='ocrx_word' id='word_1_240' title='bbox 1468 3689 1664 3754; x_wconf 89' lang='lat' dir='ltr'>oculis</span> <span class='ocrx_word' id='word_1_241' title='bbox 1711 3698 1840 3754; x_wconf 84' lang='lat' dir='ltr'>tam</span> <span class='ocrx_word' id='word_1_242' title='bbox 1885 3690 2067 3770; x_wconf 90' lang='lat' dir='ltr'>clara,</span> <span class='ocrx_word' id='word_1_243' title='bbox 2113 3689 2455 3756; x_wconf 89' lang='lat' dir='ltr'>videndam</span> 
     </span>
     <span class='ocr_line' id='line_1_34' title="bbox 564 3793 2186 3882; baseline 0.002 -23"><span class='ocrx_word' id='word_1_244' title='bbox 564 3793 819 3859; x_wconf 88' lang='lat' dir='ltr'>Obtulit</span> <span class='ocrx_word' id='word_1_245' title='bbox 862 3803 926 3858; x_wconf 90' lang='lat' dir='ltr'>et</span> <span class='ocrx_word' id='word_1_246' title='bbox 966 3817 1129 3882; x_wconf 89' lang='lat' dir='ltr'>pura</span> <span class='ocrx_word' id='word_1_247' title='bbox 1170 3817 1286 3880; x_wconf 88' lang='lat' dir='ltr'>per</span> <span class='ocrx_word' id='word_1_248' title='bbox 1331 3802 1584 3859; x_wconf 90' lang='lat' dir='ltr'>noctem</span> <span class='ocrx_word' id='word_1_249' title='bbox 1627 3795 1694 3859; x_wconf 91' lang='lat' dir='ltr'>in</span> <span class='ocrx_word' id='word_1_250' title='bbox 1739 3797 1877 3862; x_wconf 91' lang='lat' dir='ltr'>luce</span> <span class='ocrx_word' id='word_1_251' title='bbox 1922 3796 2186 3862; x_wconf 87' lang='lat' dir='ltr'>refulsit.</span> 
     </span>
     <span class='ocr_line' id='line_1_35' title="bbox 472 3900 2572 3988; baseline 0.003 -24"><span class='ocrx_word' id='word_1_252' title='bbox 472 3900 828 3966; x_wconf 89' lang='lat' dir='ltr'>Permultos</span> <span class='ocrx_word' id='word_1_253' title='bbox 874 3901 1029 3965; x_wconf 86' lang='lat' dir='ltr'>alios</span> <span class='ocrx_word' id='word_1_254' title='bbox 1074 3901 1249 3966; x_wconf 87' lang='lat' dir='ltr'>locos</span> <span class='ocrx_word' id='word_1_255' title='bbox 1293 3909 1622 3988; x_wconf 87' lang='lat' dir='ltr'>poetarum</span> <span class='ocrx_word' id='word_1_256' title='bbox 1655 3901 2041 3968; x_wconf 84' lang='lat' dir='ltr'>Graecorum</span> <span class='ocrx_word' id='word_1_257' title='bbox 2088 3914 2153 3969; x_wconf 88' lang='lat' dir='ltr'>et</span> <span class='ocrx_word' id='word_1_258' title='bbox 2181 3904 2572 3986; x_wconf 89' lang='lat' dir='ltr'>Latinorum,</span> 
     </span>
    </p>
   </div>
   <div class='ocr_carea' id='block_1_7' title="bbox 299 4043 611 4051">
    <p class='ocr_par' dir='ltr' id='par_1_8' title="bbox 299 4043 611 4051">
     <span class='ocr_line' id='line_1_36' title="bbox 299 4043 611 4051; baseline 0 641"><span class='ocrx_word' id='word_1_259' title='bbox 299 4043 611 4051; x_wconf 95' lang='lat' dir='ltr'> </span> 
     </span>
    </p>
   </div>
   <div class='ocr_carea' id='block_1_8' title="bbox 614 4045 811 4054">
    <p class='ocr_par' dir='ltr' id='par_1_9' title="bbox 614 4045 811 4054">
     <span class='ocr_line' id='line_1_37' title="bbox 614 4045 811 4054; baseline 0 638"><span class='ocrx_word' id='word_1_260' title='bbox 614 4045 811 4054; x_wconf 95' lang='lat' dir='ltr'> </span> 
     </span>
    </p>
   </div>
   <div class='ocr_carea' id='block_1_9' title="bbox 478 4107 2318 4190">
    <p class='ocr_par' dir='ltr' id='par_1_10' title="bbox 478 4107 2318 4190">
     <span class='ocr_line' id='line_1_38' title="bbox 478 4107 2318 4190; baseline 0.002 -27"><span class='ocrx_word' id='word_1_261' title='bbox 478 4107 528 4175; x_wconf 92' lang='lat'>¹)</span> <span class='ocrx_word' id='word_1_262' title='bbox 564 4109 827 4180; x_wconf 83' lang='lat' dir='ltr'>Wagner,</span> <span class='ocrx_word' id='word_1_263' title='bbox 861 4111 1125 4168; x_wconf 84' lang='lat' dir='ltr'>lectiones</span> <span class='ocrx_word' id='word_1_264' title='bbox 1160 4112 1533 4181; x_wconf 79' lang='lat' dir='ltr'>Vergilianas.</span> <span class='ocrx_word' id='word_1_265' title='bbox 1604 4113 1871 4184; x_wconf 86' lang='lat' dir='ltr'>Philolog.</span> <span class='ocrx_word' id='word_1_266' title='bbox 1897 4115 2082 4190; x_wconf 80' lang='lat' dir='ltr'>suppl.</span> <span class='ocrx_word' id='word_1_267' title='bbox 2117 4115 2163 4171; x_wconf 95' lang='lat' dir='ltr'>I.</span> <span class='ocrx_word' id='word_1_268' title='bbox 2201 4115 2318 4173; x_wconf 83' lang='lat'>334.</span> 
     </span>
    </p>
   </div>
  </div>
 </body>
</html>
