3125 4692
1444 273 1528 340 25

528 466 800 552 „Primi“
828 477 1039 535 autem
1065 476 1401 557 postquam
1435 468 1674 549 hosteS,
1719 489 1862 531 cum
1906 465 2132 551 quibus
2177 485 2397 528 manus
2429 455 2623 528 semel

352 585 824 659 conseruerant,
888 582 1344 664 cognoverunt,
1407 573 1489 640 de
1552 575 1670 638 hac
1732 596 1800 640 re
1865 573 2020 638 alios
2083 571 2282 657 magis
2343 577 2619 635 remotos

354 684 652 748 certiores
696 684 950 748 faciunt.

530 791 679 855 Non
725 813 871 876 ergo
917 799 1091 877 put0,
1136 797 1394 876 propter
1439 811 1529 869 ea,
1593 809 1754 874 quae
1798 786 2186 852 Ribbeckius
2234 792 2474 850 contra⁶
2494 784 2620 848 lec-

354 897 589 962 tionem
625 898 843 983 primi
886 897 1113 978 attulit,
1160 919 1298 960 eam
1344 917 1483 961 esse
1530 892 2003 981 improbandam
2049 901 2114 958 et
2157 889 2622 957 removendam.

530 1003 735 1068 Immo
800 1003 988 1068 lectio
1052 1003 1131 1068 ab
1194 1004 1334 1089 ipso
1401 1001 1755 1067 Ribbeckio
1819 1008 2078 1087 recepta
2145 999 2410 1064 Priami
2473 996 2623 1062 ferri

355 1132 482 1175 non
527 1118 757 1196 potest.
2193 1104 2198 1112 ’

533 1217 699 1280 Nam
745 1215 1089 1280 secundum
1133 1217 1553 1282 Ribbeckium
1600 1237 1788 1281 voces
1845 1213 2110 1278 Priami
2153 1214 2388 1297 clipeos
2431 1232 2619 1274 men-

360 1324 605 1408 titaque
654 1325 777 1387 tela
834 1323 1243 1407 adynosount
1304 1323 1393 1386 sic
1452 1319 1910 1407 intellegendae
1967 1327 2148 1384 sunt:
2217 1317 2626 1404 adgnoscunt,

356 1429 463 1493 illa
492 1451 679 1510 arma,
726 1450 885 1514 quae
915 1427 1089 1515 ipsos
1118 1427 1487 1509 fefellerant,
1532 1450 1658 1493 non
1705 1450 1743 1492 a
1774 1427 2053 1508 GraeciS,
2099 1425 2214 1491 sed
2260 1449 2298 1490 a
2335 1424 2626 1489 Troianis

355 1536 605 1622 gestari.

534 1631 690 1714 Sed,
755 1632 836 1698 de
899 1655 1024 1718 qua
1075 1656 1143 1698 re
1199 1631 1616 1715 Ladevicus1)
1681 1655 1930 1718 quoque
1995 1639 2061 1696 et
2103 1628 2468 1705 Weidner2)
2513 1625 2629 1691 ad-·

358 1747 753 1822 monuerunt,
799 1763 923 1826 quo
964 1739 1154 1804 modo
1201 1761 1391 1805 voces
1423 1739 1688 1804 Priami
1732 1741 1965 1822 clipeos
2011 1739 2418 1821 adynosoimt
2455 1732 2628 1798 *idem

358 1846 704 1931 significare
734 1846 983 1931 possint
1011 1868 1084 1910 ac
1106 1851 1513 1930 coquo-scunt,
1546 1846 1780 1930 clipeos
1821 1845 2218 1909 Graecorum
2248 1864 2291 1907 a
2326 1839 2628 1904 imanis

354 1953 625 2036 qestaii,
680 1974 808 2015 non
861 1951 1175 2037 intellego,
1221 1974 1423 2037 neque
1480 1951 1869 2017 Ribbeckius
1915 1947 2386 2014 demonstravit.
2475 1944 2630 2008 Mea

360 2056 615 2144 quidem
678 2057 993 2122 sententia
1042 2057 1160 2122 hae
1214 2080 1405 2122 voces
1461 2080 1590 2122 non
1636 2057 1757 2122 alio
1805 2080 1995 2122 sensu
2038 2053 2318 2138 intellegi
2361 2059 2630 2138 possunt

358 2164 503 2244 nisix
525 2163 681 2229 hoc:
725 2174 1166 2250 „cognoscunt,
1212 2164 1447 2251 clipeos
1493 2164 1729 2250 Priami
1775 2186 1913 2228 esse
1959 2162 2248 2249 proprios
2294 2167 2420 2240 aut,
2466 2182 2626 2238 cum,

360 2293 522 2356 quae
566 2263 803 2335 Priami
850 2280 1013 2353 sunt,
1059 2271 1333 2336 Troiana
1378 2271 1521 2352 sint,
1579 2271 1814 2357 clipeos
1859 2271 2166 2334 Troianos
2213 2274 2407 2332 esse“.
2497 2263 2627 2330 Sed

361 2378 596 2464 clipeos
641 2376 949 2442 Troianos
995 2376 1247 2443 Aeneas
1295 2378 1574 2462 sociique
1621 2400 1764 2441 cum
1810 2376 2070 2442 Graecis
2115 2380 2528 2440 mutaverant.

538 2482 668 2548 Sed
723 2484 778 2548 si
834 2506 1023 2548 voces
1078 2485 1343 2549 Priami
1396 2484 1632 2569 clipeos
1690 2485 2099 2567 adynoscunt
2159 2503 2347 2544 sensu
2392 2503 2430 2544 a
2472 2479 2630 2544 Rib-

361 2587 585 2654 beckio
631 2588 875 2675 prolato
921 2588 1200 2675 intellegi
1246 2597 1532 2676 possent,
1594 2612 1676 2654 ne
1739 2597 1875 2653 tum
1937 2588 2193 2675 quidem
2243 2587 2399 2652 haec
2441 2585 2630 2650 lectio

361 2695 614 2781 probari
677 2702 912 2780 posset.
1020 2696 1188 2760 Nam
1252 2697 1360 2762 illa
1430 2719 1602 2761 arma
1609 2745 1628 2777 ,
1696 2718 1856 2782 quae
1920 2696 2094 2783 ipsos
2155 2694 2530 2773 fefellerant,
2595 2715 2634 2756 a

362 2802 682 2882 Troianis,
744 2825 873 2866 non
920 2825 959 2867 a
1003 2801 1265 2868 Graecis
1310 2811 1556 2888 gestata
1601 2827 1760 2885 esse,
1825 2801 2055 2870 Graeci
2117 2810 2284 2868 certe
2339 2822 2467 2864 non
2510 2799 2632 2863 hoc

365 2907 616 2972 demum
660 2915 942 2996 tempore
990 2918 1376 2995 cognoscunt
1393 2960 1411 2992 ,
1475 2933 1600 2997 quo
1665 2911 1893 2975 iterum
1947 2933 2088 2974 cum
2140 2907 2430 2974 Troianis
2485 2929 2635 2970 con-

364 3012 773 3098 grediuntur;
838 3014 953 3081 sed
1001 3039 1110 3082 eos
1156 3015 1223 3081 id
1267 3017 1394 3082 iam
1438 3024 1640 3097 antea,
1687 3039 1762 3081 eo
1808 3017 1948 3103 ipso
1992 3024 2292 3102 tempore,
2337 3034 2462 3099 quo
2507 3013 2636 3098 pri-

364 3143 535 3183 mum
578 3143 799 3185 manus
846 3132 1322 3205 conseruerunt,
1387 3123 1762 3208 cognovisse
1809 3130 2091 3208 oportet,
2156 3144 2299 3185 cum
2353 3120 2633 3185 Graecos

365 3249 435 3290 se
481 3225 737 3312 aggredi
795 3227 1024 3293 Graeci
1088 3239 1255 3294 certe
1309 3238 1533 3316 putare
1587 3251 1717 3293 non
1783 3236 2089 3314 poterant.
2178 3226 2516 3291 Praeterea
2579 3224 2634 3288 si

365 3356 508 3397 cum
551 3331 904 3398 Ribbeckio
952 3336 1215 3403 Priami
1257 3336 1522 3422 legimus
1540 3386 1558 3417 ,
1622 3357 1813 3400 voces
1878 3340 2071 3418 atque
2125 3355 2243 3398 ora
2285 3353 2444 3396 sono
2489 3332 2627 3394 dis—

365 3441 587 3504 cordia
630 3440 905 3523 siqmmt
964 3440 1043 3506 de
1100 3442 1389 3508 omnibus
1448 3440 1710 3509 Graecis
1774 3439 2259 3506 adventantibus
2327 3437 2636 3502 dicuntur.

368 3543 498 3610 Sed
546 3546 669 3610 hoo
714 3546 999 3632 ineptum
1044 3557 1231 3628 esset,
1276 3572 1435 3629 cum,
1482 3549 1537 3612 si
1583 3570 1799 3612 omnes
1825 3546 2053 3612 Graeci
2099 3543 2324 3610 eodem
2352 3553 2636 3629 tempore

365 3652 758 3737 peregrinam
804 3652 1223 3720 elocutionem
1265 3653 1542 3718 hostium
1588 3652 2174 3731 animadverterent,
2221 3673 2289 3716 se
2335 3651 2507 3737 ipsos
2555 3648 2636 3714 de

366 3759 485 3823 hac
530 3782 598 3824 re
646 3760 943 3825 certiores
989 3760 1270 3826 facerent
1312 3781 1570 3825 necesse
1617 3782 1745 3825 non
1791 3766 1975 3824 esset.
2065 3757 2270 3821 Immo
2315 3757 2433 3820 hae
2480 3778 2637 3841 quo-

548 3970 597 4038 1)
632 3969 937 4028 Ladevicus
972 3970 1030 4026 in
1066 3967 1320 4026 editionis
1355 3969 1412 4024 in
1446 3987 1604 4026 usum
1646 3969 1882 4027 tironum
1919 3968 2250 4038 compositae
2284 3967 2636 4024 adnotatione

370 4055 577 4112 critica.

548 4143 596 4210 ²)
614 4143 892 4214 Weidner,
908 4145 1251 4202 Commentar
1267 4161 1337 4202 zu
1349 4143 1570 4214 Vergils
1589 4141 1802 4212 AeneiS,
1814 4141 1967 4198 Buch
1978 4142 2008 4197 I
2021 4140 2134 4198 und
2145 4141 2219 4199 H.
2234 4139 2464 4209 Leipzig
2480 4137 2628 4194 1869.
