3125 4692
1663 192 1745 276 13

570 395 853 469 Macrob.
900 412 1014 472 sat.
1059 399 1150 473 V.
1201 408 1258 469 3.
1307 407 1364 468 3.
1419 406 1560 469 ulla
1604 411 1881 490 apparet
1926 405 2113 468 tellus
2157 404 2292 468 sine
2338 393 2531 470 dubio
2576 404 2837 492 propter

567 509 760 575 Hom.
808 509 933 575 Od.
978 509 1141 575 ΧΠ.
1187 512 1316 576 403
1374 513 1539 593 (nam
1594 509 1674 576 de
1728 511 1848 575 hoc
1892 511 2031 576 loco
2077 510 2375 576 admonet
2416 511 2832 596 Macrobius):

878 613 1050 684 Ἀλλ’
1102 614 1207 686 ὅτε
1252 617 1331 710 δὴ
1376 617 1490 710 τὴν
1534 623 1724 711 νῆσον
1768 615 2122 705 ἐλείπομεν,
2170 613 2320 686 οὗδέ
2362 645 2461 700 τις
2504 611 2667 711 ὖὲλλη

895 721 1168 791 Φαίνετο
1215 722 1476 812 γαιάων.

740 828 904 894 Hos.
931 851 1152 895 versus
1197 829 1318 894 alio
1362 830 1501 895 loco
1546 831 1877 917 Vergilius
1925 830 2271 896 accuratius
2316 830 2596 896 imitatus
2643 839 2768 896 est:

656 936 819 1002 Aen.
866 935 955 1006 V.
1003 939 1043 1001 8
1091 959 1183 1022 sq.

882 1041 980 1108 Ut
1022 1043 1280 1130 pelagus
1326 1050 1586 1108 tenuere
1630 1052 1798 1110 rates
1843 1067 1961 1109 nec
2005 1045 2131 1110 iam
2176 1044 2442 1131 amplius
2487 1043 2615 1108 ulla

889 1149 1182 1213 Occurrit
1224 1149 1428 1214 telluS.

655 1256 817 1320 Aen.
859 1254 994 1320 ΙΠ.
1045 1258 1171 1320 515
1220 1278 1354 1341 sqq.

890 1360 1114 1427 Sidera
1158 1370 1382 1427 cuncta
1424 1371 1607 1438 notat
1650 1364 1842 1428 tacito
1887 1363 2165 1429 labentia
2209 1363 2380 1428 caelo

886 1468 1228 1532 Arcturum
1272 1468 1647 1556 pluviasque
1694 1469 1931 1556 hyadas
1976 1471 2384 1556 geminosque
2428 1469 2667 1534 triones

889 1574 1344 1660 Armatumque
1390 1599 1541 1641 auro
1589 1577 2011 1664 circumspicit
2055 1577 2312 1642 Oriona.

573 1684 698 1747 516
746 1681 1028 1747 Macrob.
1075 1690 1188 1746 sat.
1237 1681 1324 1750 V.
1360 1685 1460 1747 11.
1510 1685 1591 1747 10
1629 1684 1897 1768 pliadas
1941 1706 2056 1770 pro
2092 1685 2364 1769 pluvias
2408 1683 2619 1765 tradit,
2664 1681 2836 1770 quod

568 1795 642 1851 ut
684 1787 921 1853 faceret
966 1811 1110 1853 eum
1153 1789 1488 1874 georgicon
1533 1789 1693 1870 loco,
1738 1789 1791 1854 I.
1842 1792 1965 1855 137
2016 1811 2125 1875 sq„

885 1894 1124 1959 Navita
1166 1902 1302 1958 tum
1347 1895 1546 1960 stellis
1593 1918 1886 1960 numeros
1933 1904 1999 1960 et
2041 1896 2295 1962 nomina
2337 1895 2489 1961 fecit

881 2001 1232 2086 Pleiadas,
1275 2000 1514 2087 hyadas
1562 2002 1913 2088 claramque
1958 2002 2273 2089 Lycaonis
2319 2010 2536 2068 arcton

573 2114 954 2172 commotum
999 2129 1139 2172 esse
1183 2115 1576 2194 putaremus,
1630 2108 1754 2174 nisi
1800 2131 1881 2173 ex
1927 2130 2021 2190 e0,
2067 2105 2240 2194 quod
2282 2108 2648 2174 Macrobius
2694 2132 2837 2174 cum

573 2211 681 2277 illo
736 2211 875 2276 loco
929 2213 1122 2278 Hom.
1179 2212 1305 2278 Od.
1350 2212 1441 2282 V.
1489 2217 1646 2295 272,
1702 2215 1970 2296 confert,
2024 2222 2381 2301 appareret,
2427 2237 2571 2279 eum
2614 2237 2839 2282 vocem

563 2320 832 2404 pliadas
878 2342 958 2384 ex
1000 2320 1285 2384 Homero
1331 2321 1745 2386 transtulisse.

754 2441 952 2529 Apud
994 2443 1348 2508 Homerum
1395 2445 1562 2508 enim
1605 2445 1760 2510 haec
1804 2445 2098 2531 leguntur

887 2549 1227 2643 Πληϊάδας
1270 2546 1324 2617 τ’
1377 2551 1678 2641 ἐσορῶντι
1734 2551 1831 2635 (cf.
1876 2553 2081 2635 notat!
2126 2550 2290 2616 Aen.
2342 2548 2471 2615 III.
2520 2553 2669 2634 515)
2724 2550 2838 2617 καὶ

1415 2652 1547 2748 ὀψὲ
1592 2656 1825 2726 δύοντα
1871 2657 2137 2750 Βοώτην

869 2755 1146 2853 ’Ἀρκτον
1188 2759 1260 2830 θ’
1295 2757 1372 2855 ἣν
1416 2764 1530 2831 καὶ
1578 2761 1829 2851 ἅμαξαν
1874 2763 2216 2857 ἐπίκλησιν
2259 2761 2613 2846 καλέουσιν,

884 2864 1030 2936 ‘'Hv’
1083 2864 1286 2938 αὐτοῦ
1331 2870 1669 2962 στρέφεται
1718 2870 1833 2938 καὶ
1873 2866 2131 2961 Ὠρίονα
2178 2867 2444 2937 δοκεύει.
2494 2905 2579 2916 --

658 2975 822 3039 Aen.
867 2973 993 3039 IX.
1045 2978 1168 3041 136
1219 2997 1354 3062 sqq.

1419 3082 1585 3148 Sunt
1630 3090 1695 3149 et
1737 3105 1879 3148 mea
1924 3090 2141 3147 contra

890 3187 1054 3253 Fata
1097 3189 1268 3272 mihi,
1313 3191 1479 3256 ferro
1528 3190 1894 3256 sceleratam
1939 3187 2272 3255 excindere
2317 3195 2571 3273 gentem

891 3294 1177 3382 Coniuge
1222 3306 1554 3383 praerepta
1563 3322 1581 3378 3
1627 3320 1745 3362 nec
1789 3297 1959 3362 solos
2003 3296 2205 3382 tangit
2248 3293 2510 3360 Atridas

887 3400 1024 3466 Iste
1071 3402 1253 3467 dolor
1298 3404 1575 3490 solisque
1620 3403 1771 3468 licet
1814 3425 2036 3490 capere
2082 3425 2253 3468 arma
2296 3401 2607 3488 Mycenis.

567 3527 629 3572 v.
679 3509 804 3572 138
851 3507 1134 3575 Macrob.
1181 3518 1296 3575 sat.
1341 3509 1468 3578 IV.
1502 3513 1562 3575 4.
1614 3513 1691 3575 11
1741 3509 1937 3574 tradit
1979 3532 2094 3595 per
2147 3508 2702 3594 interrogationem
2746 3528 2839 3572 an

568 3615 734 3678 solos
783 3616 996 3699 tanyit
1041 3638 1093 3680 e.
1141 3638 1200 3702 q.
1247 3639 1315 3697 s.,
1361 3617 1496 3682 sine
1543 3616 1737 3682 dubio
1782 3625 2042 3704 propter
2084 3615 2277 3680 Hom.
2321 3613 2399 3678 11.
2444 3611 2569 3678 ΙΧ.
2618 3615 2764 3678 340.

882 3713 979 3788 'H
1014 3728 1242 3809 μοῦνοι
1288 3720 1574 3816 φιλέουσ’
1612 3719 1881 3809 ἀλόχους
1923 3720 2227 3814 μερόπων
2272 3716 2645 3811 ἀνθρώπων

880 3823 1240 3918 Ἀτρεῖδαις

739 3950 928 4016 Idem
984 3961 1195 4018 autem
1253 3952 1621 4019 Macrobius
1676 3960 1792 4018 sat.
1838 3953 1927 4024 V.
1978 3957 2035 4034 9,
2082 3956 2120 4018 2
2176 3960 2348 4018 recte
2402 3973 2518 4038 per
2570 3950 2838 4015 affirma-

567 4058 805 4130 tionem
847 4081 966 4126 nec
1008 4059 1176 4127 solos
1224 4062 1439 4146 tanyit
1474 4061 1748 4127 Atm'das
1796 4061 2032 4142 tradit‚·
2080 4067 2153 4125 ut
2196 4057 2541 4143 videamus,
2586 4058 2839 4124 Macro-
