3125 4692
566 1252 638 1316 P.
670 1251 956 1337 Vergilii·
973 1250 1259 1316 Maronis
1291 1249 1565 1314 carmina
1594 1248 1867 1334 antiquis
1910 1255 1975 1312 et
2002 1247 2453 1312 recentioribus
2492 1254 2651 1311 tem-

387 1358 644 1444 poribus
667 1380 793 1423 non
807 1357 1011 1443 magis
1031 1357 1270 1422 animos
1287 1357 1632 1443 legentium
1649 1354 2139 1436 delectaverunt,
2162 1377 2349 1440 quam
2367 1354 2646 1420 virorum

389 1463 713 1529 doctorum
767 1463 994 1528 studiis
1047 1464 1372 1528 materiam
1422 1462 1872 1548 praebuerunt,
1926 1483 2069 1526 cum
2120 1483 2250 1525 non
2302 1458 2493 1526 modo
2546 1461 2653 1526 vel

387 1570 659 1657 antiquis
682 1571 1070 1658 temporibus
1089 1593 1217 1635 non
1237 1568 1551 1634 defuerint
1570 1569 1711 1649 loci,
1736 1569 1961 1654 quibus
1982 1567 2331 1653 complures
2349 1567 2649 1633 lectiones
2682 1649 2689 1653 ,

387 1676 793 1762 pervulgatae
839 1684 1034 1757 erant,
1078 1684 1151 1740 ut
1181 1698 1629 1764 saepenumero
1661 1676 2021 1762 ambiguum
2052 1680 2237 1755 esset,
2282 1677 2441 1760 quae
2471 1695 2653 1760 prae-

386 1781 647 1847 ferenda
707 1783 899 1864 foret,
963 1805 1151 1868 quam
1213 1805 1347 1847 rem
1401 1782 1594 1848 Gellii
1658 1782 2042 1867 aliorumque
2108 1781 2653 1868 grammaticorum

387 1888 557 1969 libri,
611 1889 970 1975 praecipue>
1002 1896 1212 1954 autem
1257 1887 1463 1954 Servii
1517 1889 1998 1953 commentarius
2052 1909 2169 1953 nos
2226 1885 2483 1968 docent,
2538 1886 2654 1952 sed

391 1995 598 2074 etiam,
644 1996 780 2060 sive
827 1994 1089 2061 dubium
1134 2004 1267 2060 erat
1311 1996 1448 2061 sive
1480 1994 1742 2061 dubium
1785 2017 1914 2059 non
1946 2002 2096 2076 erat,
2143 1992 2296 2080 quid
2324 1993 2653 2080 Vergilius

390 2101 772 2186 scripsisset,
829 2100 911 2165 ad
954 2110 1180 2188 poetae
1227 2103 1421 2168 verba
1462 2110 1633 2167 recte
1678 2099 2099 2188 intellegenda
2141 2086 2446 2187 persaepe
2493 2123 2653 2187 opus

387 2208 578 2272 fuerit
605 2209 946 2295 interprete
979 2207 1280 2290 doctrina,
1310 2209 1545 2295 ingenii
1576 2209 1877 2289 acumine,
1907 2207 2368 2293 antiquitatum,
2406 2206 2655 2293 mytho-

386 2315 588 2400 logiae
598 2364 616 2396 ,
669 2315 966 2380 historiae
1023 2316 1284 2381 scientia
1337 2317 1691 2380 instructo.'
1754 2314 1949 2392 Quod
2004 2323 2214 2379 autem
2268 2314 2655 2400 grammatici

387 2443 502 2507 per
554 2429 760 2486 totum
813 2423 1060 2509 imperii
1103 2423 1375 2488 Romani
1421 2446 1459 2487 a
1504 2421 1880 2487 Caesaribus
1934 2419 2352 2485 administrati
2405 2429 2655 2507 tempus

387 2528 689 2608 fecerunt,
733 2527 800 2592 id
830 2529 1282 2595 recentioribus
1322 2529 1711 2616 temporibus
1759 2528 1880 2593 viri
1911 2526 2083 2612 docti
2126 2549 2253 2592 non
2295 2527 2656 2608 omiserunt,

389 2635 599 2719 itaque
622 2642 752 2700 tam
773 2635 1075 2699 immensa
1103 2643 1202 2699 est
1221 2634 1559 2699 multitudo
1584 2657 1818 2715 eorum,
1848 2633 1957 2719 qui
1979 2632 2257 2719 Vergilii
2279 2633 2655 2699 carminibus

391 2739 681 2820 edendis,
735 2739 1163 2821 recensendiS,
1219 2740 1656 2821 emendandis,
1712 2738 2099 2826 explicandis
2157 2761 2413 2827 operam
2466 2761 2658 2806 nava-

392 2855 635 2926 verunt,
679 2854 777 2912 tot
804 2847 949 2912 libri
977 2847 1255 2912 libellive
1303 2846 1382 2912 de
1413 2847 1534 2912 hoc
1561 2853 1753 2934 poeta
1784 2847 2120 2933 conscripti
2151 2855 2317 2928 sunt,
2362 2855 2435 2911 ut
2473 2848 2663 2916 facile

393 2951 780 3017 satisfactum
825 2976 964 3018 esse
1009 2952 1213 3019 videri
1256 2954 1462 3041 possit
1507 2953 1733 3034 officio,
1780 2975 1904 3038 quo
1951 2952 2255 3018 adversus
2300 2955 2659 3020 suavissimi

391 3067 616 3145 poetae
649 3061 920 3123 carmina
947 3059 1386 3124 amoenissima
1407 3058 1873 3144 obstringimur,
1903 3060 2275 3144 praesertim
2297 3083 2455 3141 cum,
2486 3060 2659 3147 quod

383 3163 621 3230 *attinet
664 3163 747 3229 ad
791 3173 991 3230 artem
1019 3166 1315 3245 criticam,
1360 3188 1489 3230 non
1535 3165 1693 3230 alius
1725 3165 2051 3250 scriptoris
2081 3165 2261 3229 latini
2292 3188 2485 3253 opera
2527 3175 2659 3231 tam

393 3279 787 3336 vetustorum
835 3269 1122 3336 codicum
1165 3273 1300 3360 pari
1346 3294 1608 3337 numero
1655 3270 1888 3336 tradita
1933 3272 2075 3336 sint.
2161 3272 2401 3337 Tamen
2448 3275 2660 3339 nescio

393 3402 490 3459 an,
514 3402 654 3444 cum
675 3377 797 3443 hoc
819 3379 959 3464 ipso
985 3379 1234 3443 saeculo
1256 3401 1458 3444 novae
1481 3377 1565 3442 ad
1586 3377 1862 3464 Vergilii
1883 3385 2131 3442 textum
2152 3379 2663 3445 constituendum

391 3485 533 3550 viae
579 3485 770 3551 initae
819 3485 973 3564 sint,
1031 3485 1206 3550 salva
1249 3483 1560 3550 modestia
1614 3507 1761 3570 erga
1805 3506 1914 3549 eos
1922 3533 1942 3566 ,
1997 3485 2106 3571 qui
2159 3485 2297 3550 vias
2352 3494 2661 3550 monstra-

393 3600 648 3673 verunt,
692 3614 819 3656 non
866 3590 1077 3656 desint
1119 3590 1272 3672 loci,
1318 3592 1546 3679 quibus
1556 3640 1574 3672 ,
1630 3613 1770 3655 cum
1816 3591 1909 3654 illi
1954 3591 2262 3656 erravisse
2308 3591 2661 3673 videantur,

395 3699 580 3762 aliam
625 3697 1001 3763 sententiam
1044 3697 1326 3784 proferre
1369 3697 1573 3762 liceat.
1648 3697 1815 3762 Nam
1860 3719 2003 3761 cum
2047 3706 2233 3762 antea
2274 3699 2431 3764 nulli
2462 3697 2664 3764 codici

395 3803 552 3870 fides
597 3804 796 3868 maior
841 3811 951 3869 aut
981 3826 1180 3889 aequa
1208 3802 1424 3868 habita
1453 3804 1538 3867 sit
1568 3827 1640 3868 ac
1670 3803 1987 3884 MediceO,
2035 3826 2178 3868 cum
2206 3804 2393 3869 huius
2426 3804 2662 3870 codicis

399 3910 816 3996 antiquissimi
859 3910 1102 3996 fulgore
1149 3932 1366 3974 omnes
1409 3910 1514 3974 alii
1545 3910 1863 3976 obscurati
1895 3910 2039 3991 sint,
2086 3909 2246 3974 Otto
2276 3910 2665 3976 Ribbeckius

396 4015 551 4080 alios
598 4016 846 4082 codices
893 4026 1078 4082 antea
1121 3997 1309 4082 notos
1358 4015 1631 4102 quidem,
1678 4015 1794 4082 sed
1838 4016 2158 4103 neglectos
2200 4017 2666 4082 accuratissime

398 4121 664 4186 contulit
707 4130 773 4188 et
816 4124 1068 4210 cognita
1112 4146 1330 4190 eorum
1373 4123 1780 4211 praestantia,
1826 4123 2055 4212 quibus
2099 4122 2256 4189 locis
2302 4122 2371 4187 id
2412 4123 2667 4211 placuit,
