3125 4692
12 1 3114 72 —-—--——-————————-———--2=

1530 317 1612 388 10

440 507 657 574 mundi
703 517 889 592 statU,
935 511 1043 598 qui
1087 512 1298 578 verbis
1347 519 1525 578 tener
1552 514 1795 579 mundi
1823 513 1999 580 orbis
2044 512 2441 600 significatur.
2507 511 2700 580 Prae-

438 622 611 680 terea
646 619 895 701 primis
940 620 1075 685 sine
1115 621 1580 708 praepositione
1627 643 1704 686 ecc
1745 620 1896 686 ferri
1940 642 2067 685 non
2111 629 2343 707 potest,
2387 620 2699 686 ablativus

438 721 605 786 enim
646 722 769 788 hoc
811 724 951 791 loco
1005 749 1133 792 non
1181 735 1280 793 est
1332 749 1514 793 casus
1560 749 1784 792 causae
1839 733 1950 791 aut
1991 726 2418 806 instrumenti,
2449 725 2699 812 -quibus

439 850 540 895 res
586 840 1009 914 concrescunt,
1054 833 1121 896 in
1144 819 1359 898 'unum
1404 832 1763 899 coalescunt
1806 841 1880 898 ut
1922 832 2087 901 Aen.
2135 832 2226 898 II.
2274 835 2421 897 277.

652 935 1057 1022 Squalentem
1099 939 1358 1005 barbam
1402 947 1467 1004 et
1511 946 1837 1005 concretos
1883 940 2183 1026 sanguine
2230 939 2418 1004 crinis

615 1052 724 1108 aut
767 1044 929 1110 Aen.
974 1045 1136 1111 XH.
1187 1049 1331 1112 905.

651 1150 882 1216 Genua
923 1152 1153 1233 labant,
1198 1152 1444 1240 gelidus
1490 1153 1810 1217 concrevit
1853 1152 2085 1239 frigore
2135 1153 2390 1239 sanguis

616 1265 726 1322 aut
771 1257 895 1324 Ov.
940 1268 1086 1324 met.
1131 1259 1257 1324 IX.
1306 1262 1451 1324 220.

654 1363 869 1450 thue
913 1365 1125 1431 ferunt
1167 1367 1399 1432 imbres
1444 1365 1672 1451 gelidis
1718 1388 2116 1432 concrescere
2160 1365 2389 1447 ventis,

440 1468 555 1534 sed
599 1471 810 1536 verbis
856 1473 959 1536 his
995 1525 1008 1538 .
1051 1524 1063 1538 .
1106 1525 1118 1536 .
1147 1473 1394 1557 primis
1454 1473 1884 1558 significantur
1937 1471 2332 1558 corpuscula,
2386 1469 2556 1536 unde
2601 1493 2701 1536 res

440 1585 781 1641 nascuntur
823 1579 1263 1665 fingunturque
1309 1578 1580 1665 id‘eoque
1626 1601 1703 1644 em
1745 1579 2130 1665 praepositio
2175 1578 2546 1666 postulatur.

614 1708 674 1748 v.
725 1689 827 1750 34.
871 1685 1195 1750 Palatinus
1238 1708 1367 1750 non
1413 1685 1642 1750 omnia
1686 1691 1753 1773 et,
1791 1685 1906 1750 sed
1951 1687 2212 1751 omni-sa
2257 1692 2320 1750 et
2359 1685 2576 1764 habet,
2632 1692 2704 1748 ut

443 1791 661 1854 omnis
692 1797 753 1855 et
779 1791 1115 1878 legendum
1144 1793 1244 1858 sit.
1318 1793 1596 1857 Omni-sa
1625 1792 1691 1857 in
1721 1791 2060 1882 archetypo
2089 1792 2210 1858 hoc
2239 1791 2434 1856 fuisse
2463 1788 2701 1878 prodit:

679 1899 740 1961 A

450 2003 759 2070 OMNIS.
855 2003 1176 2070 Palatinus
1233 2007 1399 2071 enim
1454 2028 1643 2093 saepe
1697 2005 2046 2071 secundum
2099 2005 2361 2072 aliorum
2403 2003 2703 2070 librorum

439 2117 686 2174 textum
729 2121 1045 2176 correctus
1089 2112 1227 2177 fuit..

626 2218 978 2282 OMNISA
1022 2219 1342 2284 invenitur
1384 2220 1452 2283 in
1494 2219 1786 2285 Palatino
1834 2220 2022 2284 etiam
2068 2217 2178 2283 ecl.
2223 2217 2350 2286 IV.
2392 2219 2492 2282 52.

574 2322 829 2411 Aspice,
874 2333 1142 2390 venturo
1186 2326 1499 2391 laetentur
1541 2334 1615 2391 ut
1659 2326 1868 2391 omnia
1912 2325 2136 2391 saecIO.

573 2427 702 2493 Hic
747 2440 957 2495 autem
1001 2435 1262 2499 omnis-a
1304 2456 1421 2520 per
1464 2455 1734 2519 sequens
1779 2431 2028 2498 SAeclo
2074 2440 2280 2496 ortum
2326 2439 2439 2496 est.

620 2535 823 2601 Simili
886 2537 1074 2603 modo
1139 2540 1201 2604 in
1267 2540 1554 2605 Palatino
1601 2539 1764 2605 Aen.
1828 2539 1882 2603 Ι.
1951 2541 2077 2604 359
2139 2559 2254 2624 pro
2322 2539 2706 2602 thensauros
3110 2561 3111 2585 1

437 2642 739 2725 iynotum
770 2643 1072 2730 scriptum
1102 2654 1201 2710 est
1233 2648 1661 2715 thensauros
1696 2647 2060 2727 SAnotum,
2108 2643 2351 2710 duabus
2381 2644 2580 2709 literis
2626 2665 2705 2707 ex

444 2747 667 2813 eodem
710 2771 903 2814 versu
946 2753 1251 2838 repetitis.
3107 2769 3109 2829 l

629 2857 861 2922 Omnis
915 2858 1284 2923 attributum
1340 2881 1480 2924 esse
1535 2857 1744 2924 dicere
1798 2859 2021 2940 nolim,
2084 2880 2166 2923 ne
2220 2856 2347 2922 duo
2404 2855 2706 2921 attributa
3105 2925 3107 2930 .

440 2963 677 3046 omniS,
728 2969 904 3028 tener
948 2964 1082 3029 sine
1130 2971 1192 3029 et
1226 2965 1664 3030 coniunctione
1711 2987 1853 3030 cum
1898 2965 2295 3030 substantivo
2339 2962 2515 3028 orbis
2557 2984 2705 3027 con·
3105 2937 3108 3076 j

441 3068 793 3154 iungantur.
901 3069 1128 3156 Itaque
1181 3069 1609 3158 praedicatum
1669 3092 1809 3136 esse
1862 3078 2046 3158 puto:
2121 3069 2235 3135 der
2295 3069 2578 3136 Himmel
2641 3069 2706 3133 in
2817 3073 2856 3114 ⁴⁸

443 3176 651 3241 seiner
696 3175 1110 3243 Gesamtheit.
3103 3125 3106 3320 Ι

1334 3372 1457 3440 001.
1508 3372 1620 3440 lx.
1671 3368 1778 3439 59.
3098 3361 3104 3564 1

617 3529 747 3592 Hic
792 3531 947 3593 adeo
993 3531 1271 3594 mediast
1313 3531 1502 3595 nobis
1550 3531 1679 3613 via,
1727 3551 2013 3614 namque
2058 3530 2475 3614 sepulchrum

620 3636 873 3719 Incipit
916 3657 1231 3720 apparere
1276 3637 1615 3702 Bianoris,

618 3741 721 3806 M:
770 3743 942 3808 hinc.

616 3848 796 3912 Hinc
825 3869 863 3912 a
890 3848 1205 3934 plerisque
1237 3849 1583 3915 editoribus
1624 3858 1946 3936 receptum
1985 3856 2109 3927 est;
2155 3847 2308 3911 mihi
2353 3847 2476 3926 hic,
2525 3845 2699 3933 quod

445 3955 502 4019 P
530 3955 737 4036 habet,
782 3954 1004 4020 melius
1036 3954 1306 4034 videtur,
1352 3980 1497 4021 nam
1526 3960 1743 4022 media
1774 3958 1886 4021 via
1918 3977 2044 4019 non
2076 3953 2384 4038 significat
2414 3953 2704 4038 spatium,

447 4060 562 4127 sed
603 4062 827 4128 locum.
919 4063 995 4127 cf.
1048 4063 1311 4128 Theocr.
1365 4062 1529 4131 VH.
1581 4066 1681 4128 10.
1771 4056 2025 4131 Κοίἷπω
2069 4060 2188 4128 τὰν
2229 4058 2514 4147 μεσᾶταν
2560 4055 2712 4129 ὁδὸν

444 4163 688 4260 ἄνομες,
734 4168 804 4235 id
848 4177 972 4238 est:
1018 4169 1301 4238 nondum
1342 4168 1619 4236 medium
1654 4169 1791 4236 viae
1836 4167 2044 4234 locum
2083 4167 2404 4233 consecuti
2445 4187 2708 4246 eramus,
