3125 4692
1626 255 1711 322 28

534 448 761 536 quibus
807 449 1172 537 corporibus
1227 447 1487 514 deorum
1531 457 1599 515 et
1640 450 1902 515 heroum
1962 447 2169 533 fulgor
2232 445 2487 536 quidam
2548 445 2795 512 lucidus

535 556 846 637 tribuitur,
891 557 1101 621 attulit
1146 556 1450 643 Stephani
1466 558 1525 640 ¹).

711 662 869 731 Vox
912 685 1108 728 saeva
1149 672 1285 729 tum
1330 687 1480 730 sane
1521 687 1650 729 non
1696 671 1932 744 seXtUS,
2000 660 2113 727 sed
2161 662 2399 748 primus
2441 682 2622 725 casus
2670 666 2797 724 est:

539 789 729 834 saeva
773 777 1009 835 terrore
1057 769 1376 857 Gorgonis
1422 771 1742 856 (Servius).

717 875 1016 942 Ceterum
1082 878 1137 943 si
1199 878 1356 943 haec
1417 879 1753 965 explicatio
1826 900 1953 942 non
2015 875 2223 963 placet
2238 923 2257 955 ‚
2329 872 2475 939 ideo
2546 872 2800 937 minime

542 983 837 1068 cogimur,
885 985 1081 1049 limbo
1113 967 1434 1050 scribere(
1476 986 1645 1050 Nam
1672 985 1775 1050 hic
1805 985 1981 1050 locus
2012 983 2135 1047 alio
2177 1003 2377 1070 eoque
2423 980 2803 1067 elegantiore

540 1087 728 1152 modo
775 1091 1072 1176 explicari
1115 1099 1344 1178 potest.

721 1195 979 1262 Servius
1033 1199 1259 1263 nimbo
1311 1198 1484 1264 hisce
1531 1198 1742 1263 verbis
1787 1197 2259 1283 interpretatur:
2324 1195 2514 1260 Nube
2560 1192 2801 1259 divina:

543 1309 642 1366 est
685 1303 854 1367 enim
896 1303 1206 1390 fulgidum
1257 1306 1494 1385 lumen,
1550 1327 1675 1390 quo
1733 1303 1993 1370 deorum
2048 1303 2255 1391 capita
2298 1302 2657 1387 cinguntur:
2714 1299 2805 1364 sic

545 1409 733 1472 etiam
777 1410 951 1496 pingi
1007 1411 1169 1476 solet
1180 1437 1196 1493 3
1250 1410 1542 1498 idemque
1599 1409 1679 1475 ad
1734 1411 1897 1475 Aen.
1941 1409 2071 1474 ΙΠ.
2120 1411 2274 1474 587:
2330 1408 2594 1494 Proprie
2647 1405 2807 1470 nim-

542 1514 661 1579 bus
708 1524 822 1597 est,
868 1517 976 1603 qui
1021 1515 1281 1582 deorum
1310 1519 1414 1584 vel
1458 1517 1899 1605 imperantium
1927 1516 2134 1602 capita
2162 1514 2340 1600 quasi
2385 1513 2551 1579 clara
2579 1512 2808 1578 nebula

545 1621 780 1686 ambire
825 1623 1095 1709 fingitur.
1184 1623 1367 1688 Haec
1412 1624 1785 1710 significatio
1831 1646 1869 1687 a
1914 1622 2137 1687 Servio
2183 1621 2370 1686 allata
2414 1627 2480 1685 et
2523 1643 2561 1684 a
2606 1618 2807 1684 Goss-

545 1749 699 1792 ravo
711 1731 758 1810 2)
805 1738 992 1815 atque
1025 1753 1062 1794 a
1093 1729 1437 1816 Stephanio
1449 1735 1495 1815 3)
1540 1731 1807 1817 probata
1836 1729 2161 1816 aptissima
2202 1728 2384 1810 foret,
2430 1728 2485 1792 si
2517 1724 2807 1792 Servium

546 1855 683 1896 eam
727 1844 897 1900 recte
944 1837 1085 1900 voci
1130 1837 1327 1902 nimbi
1371 1836 1667 1903 tribuisse
1713 1843 2045 1901 constaret.

720 1958 888 2023 Nam
908 1959 1283 2041 Minervam,
1315 1959 1703 2026 Graecorum
1733 1959 2060 2024 fautricem
2088 1956 2595 2043 adiutrimmqne,
2625 1979 2807 2037 nunc,

542 2063 653 2127 ubi
697 2063 952 2130 tandem
997 2089 1136 2130 eam
1177 2076 1457 2152 gentem,
1511 2088 1637 2153 qua
1689 2066 1924 2130 nullam
1975 2066 2174 2152 magis
2219 2072 2412 2145 amat,
2467 2062 2533 2128 in
2588 2063 2807 2128 urbem

543 2168 819 2234 hostium
863 2173 1206 2259 perituram
1249 2174 1671 2237 introeuntem
1714 2170 1910 2253 videt,
1956 2171 2291 2252 attributis,
2336 2180 2409 2235 ut
2450 2171 2542 2236 ita
2587 2169 2807 2252 dicam,

546 2285 832 2342 naturam
887 2301 1096 2345 rerum
1151 2281 1540 2346 terrestrium
1594 2276 2214 2344 transscendentibus
2268 2276 2616 2365 praeditam
2670 2299 2807 2344 esse

547 2391 812 2468 oportet.

634 2489 710 2555 cf.
754 2491 960 2558 locum
1007 2492 1388 2558 simillimum
1432 2493 1595 2558 Aen.
1638 2492 1803 2557 XII.
1846 2496 1978 2570 ,808
2025 2515 2159 2578 sqq.

862 2598 998 2664 Ista
1044 2599 1299 2686 quidem
1344 2601 1491 2686 quia
1534 2608 1687 2665 nota
1728 2599 1883 2664 mihi
1927 2608 2038 2664 tua
2080 2620 2305 2684 magna
2349 2596 2659 2677 voluntaS,

863 2705 910 2769 J
908 2706 1176 2794 uppiter,
1223 2717 1288 2772 et
1330 2708 1615 2771 Turnum
1661 2715 1727 2772 et
1768 2715 1967 2772 terras
2011 2705 2215 2770 invita
2256 2702 2481 2789 reliqui
2491 2726 2509 2783 ;

864 2812 1003 2877 Nec
1048 2821 1120 2878 tu
1166 2836 1266 2878 me
1312 2815 1480 2878 aeria
1523 2814 1723 2878 solam
1767 2835 1933 2877 nunc
1980 2809 2131 2877 sede
2179 2809 2427 2876 videres

862 2919 1076 3005 Digna
1121 2919 1377 3006 indigna
1419 2920 1572 3007 pati,
1618 2918 1733 2984 sed
1778 2921 2079 2988 flammis
2126 2919 2358 2987 cincta
2402 2916 2520 2981 sub
2565 2917 2705 3002 ipsa
2750 2902 2771 2920 ⁶

871 3025 1116 3092 Starem
1161 3029 1293 3092 acie
1339 3027 1776 3111 traheremque
1821 3024 2072 3090 inimica
2115 3024 2181 3088 in
2234 3023 2473 3110 proelia
2516 3023 2814 3088 Teucros

719 3148 867 3213 Hoc
896 3148 1035 3214 loco
1066 3149 1110 3213 J
1111 3173 1234 3214 uno
1268 3149 1659 3231 describitur,
1690 3171 1849 3236 quae
1878 3148 2143 3213 flammis
2174 3148 2379 3214 cincta
2406 3148 2473 3212 in
2502 3149 2643 3235 ipsa
2677 3147 2810 3212 acie

545 3254 853 3320 Troianos
901 3257 1022 3321 sibi
1066 3257 1306 3323 invisos
1353 3265 1633 3338 terreret,
1678 3256 1800 3321 nisi
1836 3255 1880 3319 J
1881 3255 2132 3342 uppiter
2177 3261 2438 3322 vetaret.
2528 3254 2690 3319 Aen.
2720 3254 2811 3319 H.

549 3362 676 3425 615
710 3385 800 3448 sq.
847 3362 1205 3428 Minervam
1249 3365 1463 3430 nimbo
1511 3363 1915 3450 effulgentem
1960 3363 2027 3426 in
2071 3361 2212 3449 ipso
2247 3361 2475 3426 Troiae
2520 3359 2813 3426 incendio

543 3467 852 3533 Troianos
898 3477 1238 3535 terrentem
1282 3469 1591 3536 videmus

723 3696 772 3764 ¹)
809 3698 1008 3754 Ludolf
1041 3699 1317 3768 Stephani,
1354 3698 1582 3753 Nimbus
1616 3697 1729 3753 und
1751 3696 2177 3754 Strahlenkranz
2212 3694 2270 3749 in
2306 3693 2410 3749 den
2436 3693 2678 3749 Werken
2717 3693 2815 3749 der

543 3783 693 3838 alten
731 3785 922 3840 Kunst.
995 3785 1280 3841 Memoires
1325 3786 1392 3840 de
1428 3783 1741 3840 l'academie
1790 3783 1883 3838 des
1918 3782 2157 3838 sciences
2206 3779 2271 3836 de
2307 3781 2382 3836 St.
2420 3780 2809 3849 Petersbourg.

543 3871 639 3925 VI.
675 3871 827 3926 serie.
901 3872 1149 3928 Sciences
1183 3871 1490 3943 politiques,
1539 3869 1794 3936 histoire,
1842 3866 2151 3938 philologio.
2200 3866 2259 3922 Τ.
2300 3867 2396 3922 ΙΧ.
2440 3867 2810 3937 Petersbourg

543 3957 693 4010 1859.
732 3975 779 4026 p.
821 3958 867 4011 3.
907 3974 987 4026 sq.

718 4043 769 4111 2)
807 4045 873 4100 cf.
914 4045 1030 4100 eius
1068 4043 1476 4101 adnotationem
1510 4057 1556 4096 a.
1597 4042 1645 4095 h.
1686 4040 1720 4096 1.

723 4130 774 4199 ³)
810 4131 1088 4204 Stephani,
1123 4131 1157 4188 L
1197 4131 1230 4187 l.
1269 4147 1320 4202 p.
1357 4129 1406 4182 4.
