3125 4692
57 4025 69 4237 ...ι-ι--αζ
58 3986 59 3994 ⁴
57 3942 65 3953 n

121 4325 128 4338 -
113 3955 132 4274 ffl‘'v*·-·-

67 4584 79 4649 u-

1417 265 1498 348 15

497 468 782 545 Macrob.
825 472 954 548 VI.
1003 480 1060 542 1.
1109 480 1210 544 37.
1246 484 1582 563 perayunt
1633 475 1976 542 secundum
2031 475 2157 545 VI.
2207 479 2361 542 384:
2416 466 2590 562 Ergo

323 589 442 653 iter
485 587 808 699 inceptum
849 591 1173 672 peragunt.

410 710 574 775 Aen.
619 709 820 779 VHI.
867 710 1018 774 461.

639 817 776 881 Nec
806 838 934 880 non
967 823 1032 880 et
1059 814 1293 901 gemini
1321 813 1618 880 custodes
1656 814 1869 879 limine
1911 816 1990 881 ab
2021 815 2149 882 alto

640 920 1053 987 Praecedunt.

500 1044 782 1110 Macrob.
831 1052 945 1110 sat.
990 1045 1080 1114 V.
1129 1048 1187 1110 8.
1235 1047 1293 1109 6.
1351 1044 1580 1110 limine
1634 1044 1713 1109 in
1756 1045 1900 1130 ipso
1947 1042 2292 1110 secundum
2334 1043 2509 1109 locos
2555 1067 2593 1110 a

323 1151 678 1217 Ribbeckio
725 1151 974 1218 allatos:
1021 1151 1134 1217 ecl.
1179 1149 1381 1221 VHI.
1431 1155 1532 1215 92.
1578 1150 1741 1215 Aen.
1787 1151 1875 1216 X.
1925 1153 2070 1216 355.
2114 1150 2241 1214 XI.
2290 1153 2437 1216 881.

499 1275 648 1339 Alia
693 1275 975 1341 eiusdem
1018 1276 1294 1362 generis,
1340 1297 1500 1361 quae
1545 1274 1770 1340 afferre
1815 1296 2101 1361 possum,
2149 1275 2370 1338 omitto
2383 1323 2402 1356 ,
2449 1296 2592 1338 cum

322 1381 430 1446 vel
473 1404 554 1446 ex
599 1382 689 1446 eis
733 1382 914 1464 10616,
969 1404 1127 1469 quos
1174 1382 1356 1446 attuli
1364 1431 1383 1463 ‚
1438 1389 1764 1468 appareat,
1820 1390 1885 1446 et
1928 1380 2325 1447 Macrobium
2380 1381 2592 1467 negle-

323 1489 672 1575 gentiorem
714 1489 1053 1554 lectionum
1091 1497 1321 1554 testem
1367 1510 1506 1552 6666
1553 1496 1619 1551 et
1664 1488 1798 1553 eius
1840 1487 2121 1552 codicem
2150 1488 2593 1574 interpolatum

324 1595 537 1660 fuisse.
627 1594 737 1658 Ad
782 1595 968 1659 huius
1020 1595 1146 1660 loci
1188 1594 1523 1659 lectionem
1577 1616 1793 1659 veram
1844 1593 2298 1659 restituendam
2340 1595 2592 1659 maioris

325 1701 630 1766 momenti
677 1708 791 1782 est,
837 1723 1232 1786 cognoscere,
1276 1709 1385 1764 aut
1415 1701 1811 1766 Macrobium
1842 1701 2049 1787 ipsum
2078 1698 2355 1786 Vergilii
2399 1700 2595 1765 verba

326 1807 671 1873 secundum
735 1808 1000 1872 aliorum
1062 1815 1415 1894 poetarum,
1469 1807 1805 1894 praecipue
1858 1807 2126 1872 Homeri
2178 1806 2379 1882 locos,
2434 1829 2592 1892 quos

327 1913 386 1978 61
429 1914 708 1978 imitatus
755 1936 896 1978 esse
942 1911 1292 1995 videbatur,
1335 1914 1700 1994 mutavisse,
1746 1922 1855 1978 aut
1898 1914 1962 1976 in
2010 1913 2144 1977 eius
2186 1912 2403 1976 codice
2434 1913 2592 1977 tales

325 2019 726 2106 antiquorum
767 2026 1098 2106 poetarum
1140 2020 1314 2084 locos
1360 2019 1712 2107 adscriptos
1758 2020 1972 2085 fuisse.

501 2157 663 2226 Eius
705 2161 955 2248 generis
999 2161 1174 2226 locus
1221 2161 1376 2226 mihi
1420 2158 1677 2228 videtur
1721 2183 1888 2226 esse:

411 2302 576 2366 Aen.
620 2299 713 2365 H.
762 2303 885 2367 361
937 2324 1056 2388 sq.:

643 2425 809 2502 Quis
856 2424 1099 2491 cladem
1142 2424 1310 2508 illius
1355 2423 1580 2505 noctiS,
1626 2415 1767 2510 quis
1811 2424 2033 2489 funera
2075 2424 2265 2489 fando

645 2530 943 2617 Explicet
987 2539 1097 2596 aut
1138 2533 1344 2618 possit
1385 2531 1658 2596 lacrimis
1704 2554 1969 2617 aequare
2014 2531 2279 2612 labores,

325 2673 486 2740 quos
518 2675 741 2720 versus
786 2664 978 2740 poeta
1017 2656 1405 2743 expressisse
1434 2654 1691 2722 videtur
1720 2654 2065 2720 secundum
2092 2657 2285 2722 Hom.
2316 2653 2441 2721 Od.
2464 2653 2592 2720 III.

328 2763 455 2826 113
502 2783 637 2848 sqq.

443 2877 655 2952 ’.Ἀλλα
697 2910 768 2952 τε
811 2879 1001 2955 πόλλ’
1053 2883 1172 2954 ἐπὶ
1214 2891 1356 2968 τοῖς
1396 2884 1711 2973 πάθομεν
1754 2883 1945 2954 κακά·
1990 2883 2091 2968 τίς
2125 2911 2230 2955 κεν
2276 2885 2482 2955 ἐκεῖνα

458 2988 690 3058 Πάντα
734 3017 802 3080 γε
845 2991 1221 3086 μυθήσαιτο
1266 2998 1695 3084 καταθνητῶν
1738 2987 2128 3084 ἀνθρώπων.

326 3107 691 3178 Macrobius
747 3123 982 3196 autem,
1037 3124 1152 3181 sat.
1199 3115 1288 3186 V.
1338 3120 1395 3181 1.
1446 3119 1546 3181 10.
1608 3137 1983 3202 quamquam
2038 3118 2282 3182 labores
2334 3124 2595 3205 propter

325 3218 638 3306 πάθομεν
681 3221 880 3306 κακὰ,
927 3223 1154 3308 ἐκεῖνα,
1200 3221 1420 3290 πάντα
1463 3227 1506 3286 'a
1547 3230 1739 3308 poeta
1784 3223 2086 3309 scriptum
2130 3245 2270 3289 esse
2316 3232 2593 3310 apparet,

325 3345 441 3412 pro
485 3325 606 3390 hac
651 3347 809 3392 voce
855 3329 1134 3394 dolorem
1178 3327 1458 3410 tradidit,
1503 3326 1676 3414 quod
1713 3350 1793 3392 cx
1824 3327 2052 3409 verbis,
2098 3329 2325 3414 quibus
2354 3329 2594 3394 Nestor

325 3430 434 3496 illo
479 3431 620 3498 loco
665 3434 1084 3499 narrationem
1129 3457 1308 3501 suam
1352 3434 1595 3500 orditur
1640 3433 1789 3520 (Od.
1832 3434 1962 3499 HJ.
2012 3436 2159 3518 103)

637 3549 718 3624 Ὦ
764 3553 924 3649 φίλ’,
972 3557 1120 3625 ἐπεὶ
1162 3552 1510 3650 μ’ἔμνησας
1553 3553 1767 3641 ὂΐζύος
1811 3557 2213 3645 desumptum
2256 3566 2371 3624 est.

503 3677 718 3746 Etiam
761 3681 960 3768 magis
1007 3689 1294 3767 apertum
1334 3690 1450 3764 est,
1495 3682 1871 3748 vocabulum
1900 3705 1939 3747 a
1967 3681 2258 3770 Vergilio
2290 3681 2594 3770 scriptum

329 3787 635 3856 vocabulo
681 3811 763 3854 ex
805 3789 1089 3853 Homero
1136 3786 1454 3875 descripto
1501 3809 1873 3876 oppressum
1919 3811 2059 3854 6666
2102 3789 2276 3854 111666
2319 3789 2501 3854 locis:

416 3909 578 3978 Aen.
623 3910 752 3978 111.
801 3915 946 3978 192.

504 4015 853 4106 Postquam
895 4006 1394 4086 616111116611616
1438 4026 1607 4086 rates
1652 4041 1770 4084 nec
1812 4019 1939 4084 iam
1981 4017 2247 4108 amplius
2295 4015 2460 4090 ullae

504 4121 838 4216 Apparent
877 4133 1081 4193 terrac
1113 4174 1128 4194 .
1164 4177 1178 4195 .
1215 4177 1230 4194 .
1262 4175 1278 4196 .
