3125 4692
1425 252 1507 332 33

323 450 536 550 itaque
580 461 873 526 facillime
915 458 1051 526 fieri
1083 465 1352 546 poterat,
1395 465 1470 523 ut
1498 459 1567 523 in
1595 457 1758 524 libro
1789 456 2080 544 quodam,
2125 479 2312 545 quem
2342 447 2602 525 Servius

326 572 706 658 inspexerat,
754 567 951 632 limbo
995 588 1113 653 pro
1158 565 1385 631 nimbo
1428 565 1591 631 falso
1639 565 2039 632 scriberetur..

1216 817 1385 886 Aen.
1432 815 1515 886 X.
1568 813 1722 884 290.

1185 973 1578 1058 Speculatus
1623 973 1820 1038 litora
1869 973 2180 1057 Tarchon,

662 1084 810 1161 Qua
840 1083 1011 1148 vada
1040 1101 1179 1144 nort
1207 1080 1475 1166 spirant
1526 1101 1646 1144 uec
1674 1080 1890 1163 fracta
1917 1088 2375 1146 remurmurat
2401 1084 2604 1166 unda,

654 1191 783 1256 Sed
824 1209 1008 1254 mare
1052 1187 1460 1270 inoffensum
1506 1187 1816 1250 crescenti
1860 1187 2195 1252 adlabitur
2237 1194 2442 1272 aestu,

550 1357 557 1364 .
651 1297 954 1362 Advertit
993 1295 1211 1360 subito
1246 1314 1545 1379 proram.

510 1443 571 1488 v.
627 1423 752 1486 291
809 1417 1143 1484 Mediceus
1208 1418 1477 1502 spirant
1526 1416 1744 1499 habet,
1807 1418 1874 1482 in
1926 1417 2216 1484 Palatino
2281 1428 2492 1485 autem
2546 1365 2612 1486 et

332 1529 619 1594 Romano
661 1532 884 1612 sperat
910 1525 1247 1592 invenitur.
1324 1522 1549 1590 Servio
1595 1533 1861 1610 utraque
1904 1525 2093 1589 lectio
2139 1533 2290 1591 nota
2335 1535 2450 1607 est,
2496 1525 2610 1592 sed

334 1640 558 1719 sperat
600 1630 1014 1698 commendat.

507 1757 899 1823 Ribbeckius
946 1762 1158 1820 autem
1201 1777 1354 1819 num
1396 1763 1567 1820 recte
1613 1761 1836 1840 sperat
1861 1755 2186 1842 receperit,
2233 1777 2610 1841 cognoscere

330 1887 459 1930 non
488 1863 836 1950 poterimus
880 1861 1005 1928 nisi
1050 1860 1399 1926 accuratius
1444 1861 1642 1926 totius
1673 1859 1795 1925 loci
1826 1869 2190 1926 contextum
2219 1865 2613 1949 perscrutati.

510 1985 781 2054 Aeneas·
812 2009 955 2050 cum
997 1984 1468 2072 Tyrrhenorum
1522 1956 1722 2049 classe
1777 1983 1859 2049 ad
1910 1985 2062 2050 litus
2108 1985 2279 2050 Latii
2333 1987 2613 2073 appellit.

337 2091 503 2159 Cum
548 2092 819 2156 militum
862 2115 1007 2179 pars
1053 2114 1250 2157 naves
1304 2114 1431 2156 non
1476 2113 1736 2178 prorsus
1791 2089 1871 2156 ad
1918 2090 2123 2178 ripam
2165 2091 2504 2158 admoveat
2549 2103 2616 2159 et

334 2197 617 2266 saliendo
648 2207 878 2264 terram
908 2199 1208 2284 consequi
1237 2196 1508 2278 studeat,
1538 2196 1690 2262 dum
1719 2219 1889 2262 mare
1917 2220 2034 2284 per
2067 2207 2278 2263 aestus
2298 2221 2617 2265 recessum

332 2306 540 2370 minus
585 2303 969 2393 profundum
1014 2313 1129 2385 est,
1174 2301 1485 2384 Tarchon,
1529 2300 1981 2368 audacissimus
2013 2303 2424 2384 Etruscorum
2467 2305 2616 2387 dux,

338 2434 533 2478 naves
589 2434 789 2497 usque
846 2409 929 2475 ad
981 2411 1191 2498 ipsum
1243 2411 1393 2475 litus
1448 2410 1638 2475 remis
1684 2409 1999 2496 appellere
2046 2419 2324 2476 conatur.
2416 2411 2613 2490 Quod

336 2517 468 2582 fieri
532 2542 661 2583 non
724 2524 1000 2604 poterat,
1063 2517 1187 2580 nisi
1252 2517 1545 2603 scopulos
1613 2524 1679 2580 et
1741 2537 1894 2580 saxa
1956 2517 2074 2582 sub
2128 2516 2301 2582 unda
2352 2518 2614 2584 latentia

340 2625 621 2705 cavebat,
653 2624 880 2710 quibus
911 2646 993 2688 ne
1024 2645 1220 2688 naves
1250 2621 1686 2708 frangerentur
1717 2622 2234 2710 solverenturque
2264 2625 2614 2712 periculum

336 2741 486 2798 erat.
553 2732 738 2810 Quae
786 2751 937 2794 saxa
966 2730 1207 2811 abesse,
1251 2752 1421 2795 mare
1451 2729 1662 2816 ipsum
1691 2728 1946 2810 indicat,
1991 2729 2301 2816 siquidem
2334 2731 2617 2817 quietum

337 2846 438 2902 est
502 2859 709 2923 neque
778 2837 1006 2924 strepit
1075 2858 1281 2922 neque
1345 2844 1707 2901 murmurat.
1825 2836 2038 2914 Quare
2099 2836 2391 2902 Tarchon
2464 2838 2616 2902 litus

338 2942 697 3029 speculatus
728 2943 1065 3030 appulsum
1094 2950 1373 3024 conatur,
1414 2965 1539 3031 qua
1569 2941 1736 3008 vada
1764 2964 1890 3006 11011
1923 2943 2166 3029 spirant
2193 2943 2232 3007 i.
2253 2965 2305 3008 e.
2329 2950 2621 3008 aestuant

338 3070 411 3112 ac
454 3047 653 3112 fracta
696 3058 1111 3114 remurmurat
1154 3048 1341 3131 unda,
1388 3048 1503 3114 sed
1547 3072 1718 3113 mare
1764 3047 2145 3113 inoffensum
2191 3057 2291 3115 est
2299 3074 2318 3130 3
2371 3071 2520 3114 nam
2564 3047 2619 3113 si

341 3175 496 3219 saxa
559 3155 677 3220 sub
742 3154 967 3241 pelago
1031 3155 1258 3237 latent,
1316 3153 1489 3220 unda
1548 3155 1856 3240 frangitur
1918 3152 2188 3242 ideoque
2253 3163 2503 3220 aestuat
2556 3163 2622 3220 et

341 3267 702 3326 murmurat.

516 3366 633 3432 Sin
676 3374 887 3433 autem
933 3389 1076 3433 cum
1118 3367 1472 3436 Ribbeckio
1520 3391 1655 3456 qua
1708 3369 1878 3436 vada
1930 3389 2070 3435 ‘mm
2122 3375 2346 3455 sperat
2400 3367 2620 3436 scribi-

340 3493 499 3556 muS,
544 3461 769 3541 sensus
815 3475 1069 3540 omnino
1114 3475 1310 3540 falsus
1358 3477 1577 3541 existit
1585 3501 1604 3557 3
1667 3486 1804 3542 tum
1849 3476 2017 3542 enim
2061 3475 2352 3542 Tarchon
2399 3499 2622 3564 specu-

338 3577 533 3662 latur,
587 3603 740 3647 num
784 3581 1070 3647 inveniat
1121 3582 1326 3647 litoris
1379 3590 1652 3669 partem,
1707 3605 1832 3668 qua
1874 3605 2045 3648 mare
2091 3581 2474 3669 profundum
2519 3582 2619 3648 sit.

340 3684 407 3754 N
408 3708 510 3752 am
554 3688 665 3754 ubi
709 3687 877 3755 vada
907 3686 1157 3770 desunt,
1199 3710 1371 3754 mare
1402 3687 1786 3775 profundum
1817 3697 1932 3754 est.
1996 3686 2127 3754 Sed
2155 3689 2346 3753 maris
2376 3698 2622 3776 partem

342 3793 720 3880 profundam
772 3793 1066 3861 Tarchon
1119 3818 1248 3862 non
1302 3795 1565 3883 quaerit.
1654 3795 1860 3860 Im1no
1916 3815 2058 3858 cum
2113 3817 2368 3860 arenam
2419 3795 2624 3882 ipsam

344 3900 553 3966 carina
609 3902 849 3966 sulcare
905 3902 1091 3984 velit,
1157 3926 1233 3968 eo
1286 3925 1475 3990 prora
1530 3902 1590 3967 ei
1645 3900 2036 3968 advertenda
2090 3910 2215 3982 est,
2268 3903 2396 3970 ubi
2447 3903 2627 3969 vada

344 4011 613 4093 sperat3
675 4008 731 4073 is
776 4007 954 4074 locus
1000 4017 1238 4092 autem,
1284 4031 1410 4096 quo
1456 4008 1624 4076 vada
1666 4028 1813 4079 non
1857 4011 2128 4096 sperat,
2183 4004 2267 4072 ad
2311 4006 2407 4088 id,
2451 4005 2624 4093 quod

343 4111 411 4182 in
456 4112 664 4180 animo
706 4113 918 4201 habet,
962 4115 1414 4206 perficiendum
1457 4115 1713 4182 minime
1758 4113 2026 4182 idoneus
2073 4121 2187 4181 est.
2255 4114 2334 4180 cf.
2368 4117 2496 4180 295
2530 4137 2622 4204 sq.

2279 4239 2332 4310 3-
