3125 4692
1478 282 1559 348 37

471 472 633 542 Aen.
679 475 840 542 ΧΠ.
888 481 1036 544 282.

702 582 809 648 Sic
855 585 1056 649 omnis
1101 607 1275 650 amor
1319 606 1480 650 unus
1524 583 1734 665 habet,
1779 581 2114 649 decernere
2157 583 2342 649 ferm.

699 681 1038 778 Diripuere
1083 713 1239 757 aras.
1285 691 1358 774 (it
1399 697 1537 756 toto
1583 687 1837 756 turbida
1880 690 2052 756 caelo

700 798 1111 885 Tempestas)

383 903 474 969 P:
520 903 655 969 ΕΤ.
698 912 959 991 propter
1000 903 1262 969 habET.
1330 902 1665 970 Gudianus
1711 924 1962 989 quoque
2010 908 2071 968 et
2112 902 2320 983 habet,
2366 909 2439 967 ut
2482 900 2653 968 idem

384 1010 609 1075 vitium
652 1009 720 1074 in
763 1009 1104 1096 archetypo
1135 1009 1405 1078 Palatini
1451 1019 1516 1076 et
1548 1008 1829 1075 Gudiani
1872 1009 2069 1074 fuisse
2112 1007 2454 1075 videamus

559 1115 668 1180 Ex
729 1115 830 1180 his
899 1116 1201 1203 exemplis
1249 1115 1329 1182 de
1373 1139 1635 1182 numero
1680 1117 1986 1182 immenso
2033 1116 2328 1184 similium
2370 1115 2652 1180 locorum

385 1220 635 1287 selectis
664 1221 845 1286 facile
876 1222 1276 1308 intellegitur,
1321 1223 1387 1286 in
1431 1223 1665 1288 nostris
1712 1220 2033 1288 codicibus
2078 1222 2307 1287 multas
2351 1222 2653 1287 lectiones

385 1326 466 1392 ad
513 1349 703 1392 voces
747 1328 974 1414 prioris
1019 1351 1243 1394 versus
1288 1327 1650 1394 referendas
1696 1350 1875 1409 esse3
1920 1329 2253 1415 praecipue
2286 1336 2495 1393 autem
2525 1336 2655 1393 tres

385 1433 535 1514 loci,
600 1455 758 1519 quos
818 1435 998 1498 attuli
1063 1433 1249 1520 (Aen.
1302 1435 1430 1502 IV.
1479 1437 1627 1500 232.
1693 1434 1821 1499 XI.
1870 1437 2016 1500 541.
2082 1435 2246 1500 XII.
2295 1438 2473 1518 282),
2537 1458 2654 1500 nos

388 1539 633 1620 docent,
677 1563 758 1606 ne
804 1540 980 1605 illum
1025 1541 1280 1628 quidem
1322 1542 1570 1623 librum,
1617 1540 1783 1606 unde
1828 1543 2029 1607 nostri
2074 1540 2324 1606 codices
2357 1539 2655 1628 descripti

387 1654 568 1726 sunt,·
613 1646 734 1711 hoc
778 1646 938 1712 vitio
985 1647 1276 1712 caruisse.
1366 1648 1583 1726 Quare
1629 1671 1756 1712 non
1804 1647 2024 1714 dubito
2070 1648 2393 1728 affirmare,
2437 1647 2657 1713 lectio-

383 1775 529 1816 nem
595 1759 818 1838 sperat
861 1751 1085 1817 eodem
1129 1751 1319 1818 modo
1365 1762 1568 1821 ortam
1614 1776 1781 1835 esse,
1843 1754 2214 1842 praesertim
2276 1777 2420 1818 cum
2462 1776 2655 1819 voces

384 1859 652 1943 spirant
715 1865 781 1923 et
841 1862 1213 1945 speculatus
1273 1859 1501 1926 iisdem
1568 1861 1767 1926 literis
1835 1861 2155 1948 incipiant.
2244 1861 2544 1927 Fortasse
2589 1860 2655 1926 in

1173 1965 1567 2031 SPLRANT

384 2069 724 2157 archetypo
769 2070 892 2135 hoc
936 2079 1105 2137 erat:
1183 2072 1559 2155 SPERAT,
1623 2075 1890 2160 spirant
1951 2099 1990 2140 a
2043 2083 2391 2140 correctore
2438 2061 2656 2160 supra-

385 2177 702 2264 scriptum.
793 2177 900 2243 Sic
945 2180 1110 2244 enim
1155 2180 1452 2266 explicari
1494 2188 1734 2268 potest,
1798 2181 2115 2268 quomodo
2159 2181 2394 2246 factum
2440 2181 2540 2263 sit,
2585 2189 2657 2244 ut

384 2283 542 2349 alter
587 2283 788 2350 codex
832 2292 1068 2372 sperat,
1115 2286 1273 2352 alter
1315 2288 1583 2373 spirant
1623 2286 1868 2354 habeat.
