3125 4692
1574 186 1655 255 22

802 431 818 450 .
850 432 865 449 .
897 432 911 448 .
943 433 958 449 .
1003 382 1250 468 agmina
1294 405 1477 448 curru

705 495 724 541 ·‘
800 489 1092 554 Proterit.

662 595 766 661 M:
823 602 1134 682 proteret,
1211 595 1382 681 quod
1443 619 1686 665 merum
1748 597 1968 662 calami
2022 619 2293 662 errorem
2357 595 2746 661 Ribbeckius

483 711 704 790 putare
751 703 1020 784 videtur,
1051 703 1209 766 *cum
1255 700 1334 766 de
1378 703 1496 766 hac
1525 701 1727 767 forma
1764 703 1831 766 in
1862 703 2305 768 commentario
2346 703 2563 767 critico
2593 699 2749 767 nihil

484 808 692 874 addat.
783 808 912 874 Sed
965 809 1118 872 mihi
1170 809 1459 874 librarius
1525 809 1955 894 neglegentius
2020 808 2429 895 descripsisse
2496 808 2750 873 videtur

484 937 732 996 vocem,
787 916 1098 1000 quamvis
1127 924 1326 979 metro
1383 915 1848 996 adversantem,
1912 937 2069 1001 quae
2124 917 2187 980 in
2244 914 2581 1000 archetypo
2638 913 2748 978 ad-

487 1022 718 1108 scripta
763 1030 922 1087 erat:
961 1029 1300 1108 proterret.
1353 1022 1429 1087 cf.
1474 1022 1681 1087 locum
1725 1023 2107 1088 simillimum
2153 1027 2281 1088 289
2328 1045 2461 1108 sqq.

801 1129 1142 1216 Messapus
1185 1151 1398 1214 regem
1441 1129 1731 1215 regisque
1776 1130 2019 1216 insigne
2064 1138 2387 1217 gerentem

771 1269 774 1275 ·
801 1235 1199 1320 Tyrrhenum
1242 1234 1552 1300 Aulesten
1585 1284 1600 1301 .
1632 1285 1647 1300 .
1678 1285 1694 1300 .
1727 1284 1742 1300 .

803 1340 1099 1406 Adverso
1145 1349 1455 1428 proterret
1501 1364 1679 1426 equ0.

665 1446 898 1512 Omnia
940 1447 1156 1532 igitur,
1211 1470 1370 1532 quae
1414 1447 1624 1529 attuli,
1678 1471 1821 1512 cum
1872 1449 2113 1514 nullum
2155 1448 2607 1535 praeiudicium
2652 1471 2751 1513 se-

487 1562 669 1617 cutus
688 1552 989 1639 ponder0‚
1019 1553 1156 1621 aliis
1177 1576 1424 1639 quoque
1443 1577 1543 1618 me
1562 1577 2006 1640 persuasurum
2024 1577 2163 1620 esse
2186 1577 2388 1641 spero,
2410 1554 2753 1618 ,lectionem

491 1662 720 1744 lorcyus
765 1683 802 1724 a
845 1659 1211 1725 Ribbeckio'
1245 1660 1506 1746 aliisque
1552 1661 1687 1726 iure
1732 1669 2050 1748 receptam
2093 1684 2221 1726 non
2267 1683 2423 1726 esse.

1302 1871 1370 1938 g.
1418 1853 1534 1922 111.
1583 1849 1717 1920 478
1762 1874 1903 1942 sqq.

712 2010 842 2072 Hie
889 2007 1221 2093 quondam
1265 2009 1486 2072 morbo
1533 2010 1696 2092 caeli
1738 2010 2117 2075 miseranda
2162 2016 2378 2074 coorta
2424 2016 2518 2074 est

715 2115 1079 2200 Tempestas
1126 2121 1376 2200 totoque
1422 2117 1739 2180 autumni
1780 2116 2135 2182 incanduit
2176 2122 2362 2182 aestu

709 2222 803 2284 Et
839 2242 1047 2305 yemis
1093 2243 1282 2286 omne
1325 2223 1472 2286 ueei
1505 2221 1839 2308 pecudum
1884 2223 2073 2305 dedit,
2122 2245 2311 2287 omne
2355 2222 2656 2306 ferarum

718 2327 1200 2413 Corripuitque-
1223 2329 1421 2410 laeua,
1469 2329 1706 2413 infecit
1740 2329 1994 2415 pabula
2042 2329 2205 2394 tabo,

1423 2475 1473 2516 u

662 2541 744 2606 P:
779 2541 1133 2626 corripuit;
1161 2567 1230 2629 y:
1253 2542 1557 2627 corripit;
1592 2541 1757 2608 MR:
1792 2543 2102 2628 eorrupit,
2136 2540 2488 2606 Scholiasta
2513 2540 2756 2605 Lucani

489 2657 554 2713 et
609 2647 867 2714 Servius
923 2649 1219 2734 eorrupit
1269 2656 1581 2712 testantur
1637 2648 1755 2730 (Cf.
1800 2628 2259 2729 Ribbeckium).
2358 2646 2747 2711 Ribbeckius

488 2755 784 2840 eorrupit
827 2755 1079 2840 scripsit
1088 2779 1106 2834 3
1153 2753 1267 2818 sed
1312 2777 1422 2817 cur
1467 2756 1765 2840 eorrupit
1806 2755 2077 2819 Palatini
2106 2753 2363 2818 lectioni
2392 2753 2750 2838 praeferen-

489 2861 640 2924 dum
685 2861 794 2940 sit,
847 2883 976 2923 non
1021 2859 1316 2946 intellego
1326 2909 1344 2941 ,
1400 2858 1522 2925 nisi
1575 2861 1737 2925 forte
1793 2861 1933 2947 quis
1980 2861 2275 2925 usitatam
2319 2858 2525 2922 minus
2571 2859 2755 2922 tritae

491 2975 554 3032 et
600 2966 964 3052 elegantiori
1008 2966 1244 3031 formae
1288 2967 1580 3052 praefert.

670 3074 837 3138 Tabe
893 3096 1020 3137 non
1073 3073 1278 3138 minus
1335 3096 1477 3137 cum
1531 3075 1857 3159 corripuit
1908 3095 2096 3158 quam
2150 3094 2291 3136 cum
2336 3072 2571 3156 infecit
2614 3073 2755 3135 iun-

487 3179 762 3265 gendum
808 3201 946 3244 esse
993 3201 1236 3245 censeo.
1336 3179 1669 3265 Corripere
1714 3181 1973 3264 aliquid
2016 3180 2245 3264 aliqua
2287 3201 2357 3247 re
2412 3201 2539 3248 non
2587 3186 2757 3242 caret

490 3285 789 3372 analogia.
880 3285 958 3352 cf.
1006 3285 1168 3350 Aen.
1213 3285 1268 3350 Ι.
1315 3289 1418 3373 45,

405 3378 408 3381 ¹
805 3391 997 3455 Illum
1043 3393 1462 3478 exspirantem
1506 3393 1805 3457 transfixo
1853 3401 2105 3479 pectore
2150 3393 2429 3458 flammas

809 3498 1088 3563 Turbine
1135 3499 1450 3587 corripuit.

578 3605 740 3669 Aen.
785 3603 910 3668 XI.
958 3608 1105 3669 899.

808 3711 1110 3796 Ingruere
1155 3712 1434 3777 infensos
1479 3712 1680 3777 hostis
1728 3719 1793 3776 et
1836 3712 2047 3777 Marte
2094 3710 2371 3776 secundo

797 3818 1045 3889 ,Omnia
1091 3819 1483 3904 corripuisse.

491 3923 654 3990 Plin.
699 3924 782 3988 N.
825 3924 912 3988 H.
957 3925 1046 3988 X.
1094 3927 1197 3990 40.
1247 3927 1356 3990 56:
1405 3925 1738 4012 Corripere
1785 3923 2021 4010 aliquid
2064 3946 2295 3988 morsu.

669 4029 780 4098 Sil.
809 4029 951 4095 Ital.
969 4030 1169 4097 XIII.
1193 4034 1296 4098 80.
1323 4031 1478 4096 haec
1507 4031 1841 4118 (Minerva)
1872 4079 1887 4096 .
1912 4080 1927 4094 .
1951 4079 1965 4095 .
1986 4079 2001 4096 .
2032 4030 2246 4104 Celtas
2276 4029 2751 4117 corripuitletO,
