<?xml version="1.0" encoding="UTF-8"?>
<!DOCTYPE html PUBLIC "-//W3C//DTD XHTML 1.0 Transitional//EN"
    "http://www.w3.org/TR/xhtml1/DTD/xhtml1-transitional.dtd">
<html xmlns="http://www.w3.org/1999/xhtml" xml:lang="en" lang="en">
 <head>
  <title>
</title>
<meta http-equiv="Content-Type" content="text/html;charset=utf-8" />
  <meta name='ocr-system' content='tesseract 3.04.00' />
  <meta name='ocr-capabilities' content='ocr_page ocr_carea ocr_par ocr_line ocrx_word'/>
</head>
<body>
  <div class='ocr_page' id='page_1' title='image "./quaestionesverg00kirsgoog_0030.png"; bbox 0 0 3125 4692; ppageno 0'>
   <div class='ocr_carea' id='block_1_1' title="bbox 1477 201 1707 296">
    <p class='ocr_par' dir='ltr' id='par_1_1' title="bbox 1477 201 1707 296">
     <span class='ocr_line' id='line_1_1' title="bbox 1477 201 1707 296; baseline -0.009 -80"><span class='ocrx_word' id='word_1_1' title='bbox 1477 201 1707 296; x_wconf 43' lang='grc' dir='ltr'>,Ἀ</span> 
     </span>
    </p>
   </div>
   <div class='ocr_carea' id='block_1_2' title="bbox 1395 323 1806 338">
    <p class='ocr_par' dir='ltr' id='par_1_2' title="bbox 1395 323 1806 338">
     <span class='ocr_line' id='line_1_2' title="bbox 1395 323 1806 338; baseline 0 4354"><span class='ocrx_word' id='word_1_2' title='bbox 1395 323 1806 338; x_wconf 95' lang='lat' dir='ltr'> </span> 
     </span>
    </p>
   </div>
   <div class='ocr_carea' id='block_1_3' title="bbox 468 420 2734 828">
    <p class='ocr_par' dir='ltr' id='par_1_3' title="bbox 468 420 2734 828">
     <span class='ocr_line' id='line_1_3' title="bbox 469 420 2729 511; baseline 0.001 -28"><span class='ocrx_word' id='word_1_3' title='bbox 469 431 591 504; x_wconf 88' lang='lat' dir='ltr'>que</span> <span class='ocrx_word' id='word_1_4' title='bbox 647 441 836 485; x_wconf 86' lang='lat' dir='ltr'>voces</span> <span class='ocrx_word' id='word_1_5' title='bbox 899 420 960 486; x_wconf 90' lang='lat' dir='ltr'>ei</span> <span class='ocrx_word' id='word_1_6' title='bbox 1021 429 1265 488; x_wconf 85' lang='lat' dir='ltr'>tantum</span> <span class='ocrx_word' id='word_1_7' title='bbox 1326 425 1490 511; x_wconf 84' lang='lat' dir='ltr'>parti</span> <span class='ocrx_word' id='word_1_8' title='bbox 1554 425 1833 490; x_wconf 84' lang='lat' dir='ltr'>hostium</span> <span class='ocrx_word' id='word_1_9' title='bbox 1892 421 2261 488; x_wconf 71' lang='lat' dir='ltr'><strong>tribuendae</strong></span> <span class='ocrx_word' id='word_1_10' title='bbox 2324 429 2474 488; x_wconf 83' lang='lat' dir='ltr'>sunt</span> <span class='ocrx_word' id='word_1_11' title='bbox 2488 469 2509 502; x_wconf 92' lang='lat'><strong><em>,</em></strong></span> <span class='ocrx_word' id='word_1_12' title='bbox 2572 441 2729 506; x_wconf 76' lang='lat' dir='ltr'>quae</span> 
     </span>
     <span class='ocr_line' id='line_1_4' title="bbox 470 525 2733 618; baseline 0.001 -30"><span class='ocrx_word' id='word_1_13' title='bbox 470 525 762 590; x_wconf 84' lang='lat' dir='ltr'><strong>Troianis</strong></span> <span class='ocrx_word' id='word_1_14' title='bbox 806 528 1091 613; x_wconf 83' lang='lat' dir='ltr'>proxima</span> <span class='ocrx_word' id='word_1_15' title='bbox 1125 539 1260 595; x_wconf 86' lang='lat' dir='ltr'>erat</span> <span class='ocrx_word' id='word_1_16' title='bbox 1289 533 1548 618; x_wconf 85' lang='lat' dir='ltr'>(primis)</span> <span class='ocrx_word' id='word_1_17' title='bbox 1597 539 1664 597; x_wconf 92' lang='lat' dir='ltr'>et</span> <span class='ocrx_word' id='word_1_18' title='bbox 1707 531 1843 596; x_wconf 88' lang='lat' dir='ltr'>sola</span> <span class='ocrx_word' id='word_1_19' title='bbox 1885 529 2101 594; x_wconf 86' lang='lat' dir='ltr'>audire</span> <span class='ocrx_word' id='word_1_20' title='bbox 2146 536 2412 615; x_wconf 89' lang='lat' dir='ltr'>poterat,</span> <span class='ocrx_word' id='word_1_21' title='bbox 2455 527 2733 592; x_wconf 89' lang='lat' dir='ltr'>hostium</span> 
     </span>
     <span class='ocr_line' id='line_1_5' title="bbox 468 631 2734 725; baseline 0.001 -30"><span class='ocrx_word' id='word_1_22' title='bbox 468 631 744 717; x_wconf 86' lang='lat' dir='ltr'>linguam</span> <span class='ocrx_word' id='word_1_23' title='bbox 773 656 811 697; x_wconf 88' lang='lat' dir='ltr'>a</span> <span class='ocrx_word' id='word_1_24' title='bbox 841 657 956 698; x_wconf 90' lang='lat' dir='ltr'>sua</span> <span class='ocrx_word' id='word_1_25' title='bbox 984 634 1355 724; x_wconf 81' lang='lat' dir='ltr'>discrepare.</span> <span class='ocrx_word' id='word_1_26' title='bbox 1443 639 1669 725; x_wconf 85' lang='lat' dir='ltr'>Neque</span> <span class='ocrx_word' id='word_1_27' title='bbox 1700 638 1905 703; x_wconf 88' lang='lat' dir='ltr'>minus</span> <span class='ocrx_word' id='word_1_28' title='bbox 1944 637 2139 702; x_wconf 88' lang='lat' dir='ltr'>verba</span> <span class='ocrx_word' id='word_1_29' title='bbox 2174 637 2352 700; x_wconf 80' lang='lat' dir='ltr'>ilicet</span> <span class='ocrx_word' id='word_1_30' title='bbox 2387 634 2734 700; x_wconf 72' lang='lat' dir='ltr'>obruimwr</span> 
     </span>
     <span class='ocr_line' id='line_1_6' title="bbox 471 739 2730 828; baseline 0.001 -27"><span class='ocrx_word' id='word_1_31' title='bbox 471 759 772 822; x_wconf 67' lang='lat' dir='ltr'>numam,</span> <span class='ocrx_word' id='word_1_32' title='bbox 838 741 1064 826; x_wconf 91' lang='lat' dir='ltr'>quibus</span> <span class='ocrx_word' id='word_1_33' title='bbox 1128 742 1465 807; x_wconf 88' lang='lat' dir='ltr'>multitudo</span> <span class='ocrx_word' id='word_1_34' title='bbox 1527 743 1806 808; x_wconf 85' lang='lat' dir='ltr'>hostium</span> <span class='ocrx_word' id='word_1_35' title='bbox 1866 743 2029 828; x_wconf 86' lang='lat' dir='ltr'>parti</span> <span class='ocrx_word' id='word_1_36' title='bbox 2084 740 2332 806; x_wconf 89' lang='lat' dir='ltr'>cuidam</span> <span class='ocrx_word' id='word_1_37' title='bbox 2378 739 2730 827; x_wconf 69' lang='lat' dir='ltr'>opponitim</span> 
     </span>
    </p>
   </div>
   <div class='ocr_carea' id='block_1_4' title="bbox 472 844 2735 1021">
    <p class='ocr_par' dir='ltr' id='par_1_4' title="bbox 472 844 2735 1021">
     <span class='ocr_line' id='line_1_7' title="bbox 472 844 2735 934; baseline 0.001 -26"><span class='ocrx_word' id='word_1_38' title='bbox 472 844 920 929; x_wconf 85' lang='lat' dir='ltr'>demonstrant,</span> <span class='ocrx_word' id='word_1_39' title='bbox 967 848 1162 913; x_wconf 86' lang='lat' dir='ltr'>verba</span> <span class='ocrx_word' id='word_1_40' title='bbox 1204 850 1627 934; x_wconf 70' lang='lat' dir='ltr'>adynoseunt,</span> <span class='ocrx_word' id='word_1_41' title='bbox 1674 850 1946 933; x_wconf 75' lang='lat' dir='ltr'>siynant</span> <span class='ocrx_word' id='word_1_42' title='bbox 1988 848 2070 913; x_wconf 87' lang='lat' dir='ltr'>ad</span> <span class='ocrx_word' id='word_1_43' title='bbox 2113 848 2283 913; x_wconf 87' lang='lat' dir='ltr'>illam</span> <span class='ocrx_word' id='word_1_44' title='bbox 2312 855 2555 933; x_wconf 86' lang='lat' dir='ltr'>partem</span> <span class='ocrx_word' id='word_1_45' title='bbox 2598 853 2735 910; x_wconf 85' lang='lat' dir='ltr'>tan-</span> 
     </span>
     <span class='ocr_line' id='line_1_8' title="bbox 472 951 1497 1021; baseline 0.008 -8"><span class='ocrx_word' id='word_1_46' title='bbox 472 958 608 1014; x_wconf 88' lang='lat' dir='ltr'>tum</span> <span class='ocrx_word' id='word_1_47' title='bbox 651 951 926 1018; x_wconf 88' lang='lat' dir='ltr'>hostium</span> <span class='ocrx_word' id='word_1_48' title='bbox 970 953 1296 1020; x_wconf 86' lang='lat' dir='ltr'>referenda</span> <span class='ocrx_word' id='word_1_49' title='bbox 1340 979 1497 1021; x_wconf 89' lang='lat' dir='ltr'>esse.</span> 
     </span>
    </p>
   </div>
   <div class='ocr_carea' id='block_1_5' title="bbox 473 1075 2743 2955">
    <p class='ocr_par' dir='ltr' id='par_1_5' title="bbox 473 1075 2743 1909">
     <span class='ocr_line' id='line_1_9' title="bbox 650 1075 2733 1154; baseline -0.001 -13"><span class='ocrx_word' id='word_1_50' title='bbox 650 1075 846 1154; x_wconf 76' lang='lat' dir='ltr'>Quod</span> <span class='ocrx_word' id='word_1_51' title='bbox 899 1089 1108 1143; x_wconf 88' lang='lat' dir='ltr'>autem</span> <span class='ocrx_word' id='word_1_52' title='bbox 1162 1078 1228 1143; x_wconf 90' lang='lat' dir='ltr'>in</span> <span class='ocrx_word' id='word_1_53' title='bbox 1274 1079 1562 1143; x_wconf 83' lang='lat' dir='ltr'>Palatino</span> <span class='ocrx_word' id='word_1_54' title='bbox 1628 1079 1777 1144; x_wconf 92' lang='lat' dir='ltr'>olim</span> <span class='ocrx_word' id='word_1_55' title='bbox 1828 1078 2163 1144; x_wconf 83' lang='lat' dir='ltr'>PRIAMI</span> <span class='ocrx_word' id='word_1_56' title='bbox 2226 1076 2481 1143; x_wconf 87' lang='lat' dir='ltr'>videtur</span> <span class='ocrx_word' id='word_1_57' title='bbox 2540 1075 2733 1140; x_wconf 85' lang='lat' dir='ltr'>fuisse</span> 
     </span>
     <span class='ocr_line' id='line_1_10' title="bbox 473 1179 2737 1271; baseline 0.002 -28"><span class='ocrx_word' id='word_1_58' title='bbox 473 1203 599 1245; x_wconf 90' lang='lat' dir='ltr'>non</span> <span class='ocrx_word' id='word_1_59' title='bbox 643 1183 854 1269; x_wconf 84' lang='lat' dir='ltr'>magni</span> <span class='ocrx_word' id='word_1_60' title='bbox 898 1186 1159 1250; x_wconf 86' lang='lat' dir='ltr'>aestimo</span> <span class='ocrx_word' id='word_1_61' title='bbox 1214 1207 1420 1271; x_wconf 91' lang='lat' dir='ltr'>neque</span> <span class='ocrx_word' id='word_1_62' title='bbox 1481 1185 1603 1249; x_wconf 91' lang='lat' dir='ltr'>hoc</span> <span class='ocrx_word' id='word_1_63' title='bbox 1655 1184 1976 1249; x_wconf 89' lang='lat' dir='ltr'>librarium</span> <span class='ocrx_word' id='word_1_64' title='bbox 2021 1207 2227 1249; x_wconf 89' lang='lat' dir='ltr'>errore</span> <span class='ocrx_word' id='word_1_65' title='bbox 2274 1179 2600 1270; x_wconf 70' lang='lat' dir='ltr'>scripsisse</span> <span class='ocrx_word' id='word_1_66' title='bbox 2646 1183 2737 1247; x_wconf 79' lang='lat' dir='ltr'>af-</span> 
     </span>
     <span class='ocr_line' id='line_1_11' title="bbox 473 1288 2737 1376; baseline 0 -24"><span class='ocrx_word' id='word_1_67' title='bbox 473 1288 714 1353; x_wconf 83' lang='lat' dir='ltr'>firmare</span> <span class='ocrx_word' id='word_1_68' title='bbox 761 1289 999 1356; x_wconf 89' lang='lat' dir='ltr'>dubito.</span> <span class='ocrx_word' id='word_1_69' title='bbox 1087 1292 1256 1356; x_wconf 88' lang='lat' dir='ltr'>Nam</span> <span class='ocrx_word' id='word_1_70' title='bbox 1300 1292 1366 1354; x_wconf 90' lang='lat' dir='ltr'>in</span> <span class='ocrx_word' id='word_1_71' title='bbox 1411 1291 1528 1354; x_wconf 91' lang='lat' dir='ltr'>hac</span> <span class='ocrx_word' id='word_1_72' title='bbox 1572 1290 1799 1356; x_wconf 83' lang='lat' dir='ltr'>Troiae</span> <span class='ocrx_word' id='word_1_73' title='bbox 1846 1291 2088 1356; x_wconf 78' lang='lat' dir='ltr'>deletae</span> <span class='ocrx_word' id='word_1_74' title='bbox 2135 1289 2573 1376; x_wconf 81' lang='lat' dir='ltr'>descriptione,</span> <span class='ocrx_word' id='word_1_75' title='bbox 2629 1288 2737 1353; x_wconf 87' lang='lat' dir='ltr'>ubi</span> 
     </span>
     <span class='ocr_line' id='line_1_12' title="bbox 475 1394 2739 1479; baseline 0 -21"><span class='ocrx_word' id='word_1_76' title='bbox 475 1394 706 1460; x_wconf 87' lang='lat' dir='ltr'>totiens</span> <span class='ocrx_word' id='word_1_77' title='bbox 751 1395 987 1460; x_wconf 87' lang='lat' dir='ltr'>Priami</span> <span class='ocrx_word' id='word_1_78' title='bbox 1029 1421 1255 1463; x_wconf 90' lang='lat' dir='ltr'>nomen</span> <span class='ocrx_word' id='word_1_79' title='bbox 1304 1396 1705 1463; x_wconf 88' lang='lat' dir='ltr'>scribendum</span> <span class='ocrx_word' id='word_1_80' title='bbox 1750 1405 1899 1479; x_wconf 86' lang='lat' dir='ltr'>erat,</span> <span class='ocrx_word' id='word_1_81' title='bbox 1944 1396 2254 1461; x_wconf 86' lang='lat' dir='ltr'>Priameia</span> <span class='ocrx_word' id='word_1_82' title='bbox 2294 1399 2443 1474; x_wconf 87' lang='lat'>403,</span> <span class='ocrx_word' id='word_1_83' title='bbox 2488 1395 2739 1458; x_wconf 88' lang='lat' dir='ltr'>Priamo</span> 
     </span>
     <span class='ocr_line' id='line_1_13' title="bbox 480 1501 2741 1588; baseline 0.001 -25"><span class='ocrx_word' id='word_1_84' title='bbox 480 1503 626 1581; x_wconf 86' lang='lat'><strong>344,</strong></span> <span class='ocrx_word' id='word_1_85' title='bbox 669 1501 1043 1588; x_wconf 90' lang='lat' dir='ltr'>Priamoque</span> <span class='ocrx_word' id='word_1_86' title='bbox 1077 1505 1223 1585; x_wconf 86' lang='lat'><strong>291,</strong></span> <span class='ocrx_word' id='word_1_87' title='bbox 1266 1504 1502 1567; x_wconf 87' lang='lat' dir='ltr'>Priami</span> <span class='ocrx_word' id='word_1_88' title='bbox 1546 1507 1693 1584; x_wconf 86' lang='lat'><strong>191,</strong></span> <span class='ocrx_word' id='word_1_89' title='bbox 1735 1504 2022 1569; x_wconf 87' lang='lat' dir='ltr'>Priamus</span> <span class='ocrx_word' id='word_1_90' title='bbox 2059 1505 2203 1583; x_wconf 85' lang='lat'><strong>147,</strong></span> <span class='ocrx_word' id='word_1_91' title='bbox 2247 1501 2605 1588; x_wconf 88' lang='lat' dir='ltr'>Priamique</span> <span class='ocrx_word' id='word_1_92' title='bbox 2638 1503 2741 1581; x_wconf 85' lang='lat'>56,</span> 
     </span>
     <span class='ocr_line' id='line_1_14' title="bbox 477 1608 2743 1697; baseline 0 -27"><span class='ocrx_word' id='word_1_93' title='bbox 477 1629 664 1692; x_wconf 90' lang='lat' dir='ltr'>quam</span> <span class='ocrx_word' id='word_1_94' title='bbox 708 1608 888 1674; x_wconf 83' lang='lat' dir='ltr'>facile</span> <span class='ocrx_word' id='word_1_95' title='bbox 935 1609 1216 1675; x_wconf 88' lang='lat' dir='ltr'>accidere</span> <span class='ocrx_word' id='word_1_96' title='bbox 1261 1618 1526 1697; x_wconf 88' lang='lat' dir='ltr'>pot-erat,</span> <span class='ocrx_word' id='word_1_97' title='bbox 1582 1619 1655 1675; x_wconf 87' lang='lat' dir='ltr'>ut</span> <span class='ocrx_word' id='word_1_98' title='bbox 1696 1610 1985 1676; x_wconf 87' lang='lat' dir='ltr'>librarius</span> <span class='ocrx_word' id='word_1_99' title='bbox 2040 1610 2305 1674; x_wconf 78' lang='lat' dir='ltr'>Priami</span> <span class='ocrx_word' id='word_1_100' title='bbox 2357 1630 2472 1695; x_wconf 89' lang='lat' dir='ltr'>pro</span> <span class='ocrx_word' id='word_1_101' title='bbox 2526 1608 2743 1692; x_wconf 79' lang='lat' dir='ltr'>primi</span> 
     </span>
     <span class='ocr_line' id='line_1_15' title="bbox 477 1713 2743 1803; baseline -0 -25"><span class='ocrx_word' id='word_1_102' title='bbox 477 1713 810 1779; x_wconf 75' lang='lat' dir='ltr'>scriberet!</span> <span class='ocrx_word' id='word_1_103' title='bbox 899 1717 1125 1802; x_wconf 90' lang='lat' dir='ltr'>Neque</span> <span class='ocrx_word' id='word_1_104' title='bbox 1171 1716 1402 1781; x_wconf 79' lang='lat' dir='ltr'>desunt</span> <span class='ocrx_word' id='word_1_105' title='bbox 1444 1717 1550 1780; x_wconf 86' lang='lat' dir='ltr'>alii</span> <span class='ocrx_word' id='word_1_106' title='bbox 1594 1717 1743 1797; x_wconf 89' lang='lat' dir='ltr'>loci,</span> <span class='ocrx_word' id='word_1_107' title='bbox 1806 1716 2032 1803; x_wconf 88' lang='lat' dir='ltr'>quibus</span> <span class='ocrx_word' id='word_1_108' title='bbox 2095 1716 2365 1780; x_wconf 90' lang='lat' dir='ltr'>nominis</span> <span class='ocrx_word' id='word_1_109' title='bbox 2427 1715 2743 1780; x_wconf 71' lang='lat' dir='ltr'>Priamus</span> 
     </span>
     <span class='ocr_line' id='line_1_16' title="bbox 476 1817 2041 1909; baseline 0.003 -27"><span class='ocrx_word' id='word_1_110' title='bbox 476 1817 677 1884; x_wconf 87' lang='lat' dir='ltr'>forma</span> <span class='ocrx_word' id='word_1_111' title='bbox 718 1843 834 1906; x_wconf 88' lang='lat' dir='ltr'>pro</span> <span class='ocrx_word' id='word_1_112' title='bbox 879 1823 1056 1887; x_wconf 89' lang='lat' dir='ltr'>vocis</span> <span class='ocrx_word' id='word_1_113' title='bbox 1092 1825 1362 1908; x_wconf 77' lang='lat' dir='ltr'>primus</span> <span class='ocrx_word' id='word_1_114' title='bbox 1405 1823 1607 1887; x_wconf 88' lang='lat' dir='ltr'>forma</span> <span class='ocrx_word' id='word_1_115' title='bbox 1650 1824 1882 1909; x_wconf 86' lang='lat' dir='ltr'>scripta</span> <span class='ocrx_word' id='word_1_116' title='bbox 1926 1830 2041 1887; x_wconf 90' lang='lat' dir='ltr'>est.</span> 
     </span>
    </p>

    <p class='ocr_par' dir='ltr' id='par_1_6' title="bbox 481 1926 2466 2955">
     <span class='ocr_line' id='line_1_17' title="bbox 570 1926 1010 1994; baseline 0.011 -4"><span class='ocrx_word' id='word_1_117' title='bbox 570 1926 646 1990; x_wconf 80' lang='lat' dir='ltr'>cf.</span> <span class='ocrx_word' id='word_1_118' title='bbox 690 1926 781 1992; x_wconf 89' lang='lat' dir='ltr'>H.</span> <span class='ocrx_word' id='word_1_119' title='bbox 828 1931 976 1994; x_wconf 84' lang='lat'>485.</span> <span class='ocrx_word' id='word_1_120' title='bbox 1005 1961 1010 1964; x_wconf 96' lang='lat'>·</span> 
     </span>
     <span class='ocr_line' id='line_1_18' title="bbox 797 2034 2372 2123; baseline -0.001 -23"><span class='ocrx_word' id='word_1_121' title='bbox 797 2035 1218 2123; x_wconf 85' lang='lat' dir='ltr'>Armatosque</span> <span class='ocrx_word' id='word_1_122' title='bbox 1263 2035 1486 2104; x_wconf 86' lang='lat' dir='ltr'>vident</span> <span class='ocrx_word' id='word_1_123' title='bbox 1532 2036 1757 2100; x_wconf 88' lang='lat' dir='ltr'>stantis</span> <span class='ocrx_word' id='word_1_124' title='bbox 1802 2036 1867 2099; x_wconf 92' lang='lat' dir='ltr'>in</span> <span class='ocrx_word' id='word_1_125' title='bbox 1912 2034 2125 2100; x_wconf 91' lang='lat' dir='ltr'>limine</span> <span class='ocrx_word' id='word_1_126' title='bbox 2170 2034 2372 2121; x_wconf 89' lang='lat' dir='ltr'>primo</span> 
     </span>
     <span class='ocr_line' id='line_1_19' title="bbox 481 2138 1256 2228; baseline 0.008 -26"><span class='ocrx_word' id='word_1_127' title='bbox 481 2138 821 2206; x_wconf 86' lang='lat' dir='ltr'>Bernensis</span> <span class='ocrx_word' id='word_1_128' title='bbox 867 2164 931 2207; x_wconf 83' lang='lat' dir='ltr'>a:</span> <span class='ocrx_word' id='word_1_129' title='bbox 967 2144 1256 2228; x_wconf 75' lang='lat' dir='ltr'>priamo.</span> 
     </span>
     <span class='ocr_line' id='line_1_20' title="bbox 569 2243 893 2314; baseline 0.006 -3"><span class='ocrx_word' id='word_1_130' title='bbox 569 2243 698 2311; x_wconf 82' lang='grc' dir='ltr'>ΠΙ.</span> <span class='ocrx_word' id='word_1_131' title='bbox 745 2250 893 2314; x_wconf 82' lang='grc'><strong>205.</strong></span> 
     </span>
     <span class='ocr_line' id='line_1_21' title="bbox 801 2353 2466 2442; baseline -0.001 -22"><span class='ocrx_word' id='word_1_132' title='bbox 801 2353 1047 2432; x_wconf 76' lang='lat' dir='ltr'>Quarto</span> <span class='ocrx_word' id='word_1_133' title='bbox 1093 2363 1258 2420; x_wconf 86' lang='lat' dir='ltr'>terra</span> <span class='ocrx_word' id='word_1_134' title='bbox 1303 2355 1407 2420; x_wconf 90' lang='lat' dir='ltr'>die</span> <span class='ocrx_word' id='word_1_135' title='bbox 1450 2356 1722 2442; x_wconf 91' lang='lat' dir='ltr'>primum</span> <span class='ocrx_word' id='word_1_136' title='bbox 1767 2379 1836 2421; x_wconf 91' lang='lat' dir='ltr'>se</span> <span class='ocrx_word' id='word_1_137' title='bbox 1882 2355 2164 2420; x_wconf 87' lang='lat' dir='ltr'>attollere</span> <span class='ocrx_word' id='word_1_138' title='bbox 2209 2353 2466 2420; x_wconf 88' lang='lat' dir='ltr'>tandem</span> 
     </span>
     <span class='ocr_line' id='line_1_22' title="bbox 1117 2461 2103 2532; baseline -0.005 0"><span class='ocrx_word' id='word_1_139' title='bbox 1117 2462 1302 2532; x_wconf 84' lang='lat' dir='ltr'>Visa.</span> <span class='ocrx_word' id='word_1_140' title='bbox 1349 2502 1432 2510; x_wconf 91' lang='lat'>—-</span> <span class='ocrx_word' id='word_1_141' title='bbox 1478 2462 1591 2528; x_wconf 88' lang='lat' dir='ltr'>M:</span> <span class='ocrx_word' id='word_1_142' title='bbox 1636 2461 2103 2532; x_wconf 84' lang='lat' dir='ltr'>PRIAMVM.</span> 
     </span>
     <span class='ocr_line' id='line_1_23' title="bbox 572 2565 895 2636; baseline -0.012 0"><span class='ocrx_word' id='word_1_143' title='bbox 572 2565 701 2636; x_wconf 90' lang='lat' dir='ltr'>IV.</span> <span class='ocrx_word' id='word_1_144' title='bbox 748 2569 895 2632; x_wconf 81' lang='lat'>677.</span> 
     </span>
     <span class='ocr_line' id='line_1_24' title="bbox 805 2674 1904 2761; baseline 0.002 -23"><span class='ocrx_word' id='word_1_145' title='bbox 805 2674 983 2751; x_wconf 78' lang='lat' dir='ltr'>Quid</span> <span class='ocrx_word' id='word_1_146' title='bbox 1025 2675 1298 2761; x_wconf 88' lang='lat' dir='ltr'>primum</span> <span class='ocrx_word' id='word_1_147' title='bbox 1341 2675 1594 2740; x_wconf 88' lang='lat' dir='ltr'>deserta</span> <span class='ocrx_word' id='word_1_148' title='bbox 1638 2678 1904 2761; x_wconf 81' lang='lat' dir='ltr'>querar?</span> 
     </span>
     <span class='ocr_line' id='line_1_25' title="bbox 1120 2781 1727 2851; baseline 0 -5"><span class='ocrx_word' id='word_1_149' title='bbox 1120 2782 1233 2847; x_wconf 77' lang='lat' dir='ltr'>M:</span> <span class='ocrx_word' id='word_1_150' title='bbox 1277 2781 1727 2851; x_wconf 86' lang='lat' dir='ltr'><strong>PRIAMVM</strong></span> 
     </span>
     <span class='ocr_line' id='line_1_26' title="bbox 575 2883 1105 2955; baseline 0.009 -6"><span class='ocrx_word' id='word_1_151' title='bbox 575 2883 738 2950; x_wconf 87' lang='lat' dir='ltr'>Aen.</span> <span class='ocrx_word' id='word_1_152' title='bbox 783 2886 908 2951; x_wconf 86' lang='lat' dir='ltr'>XI.</span> <span class='ocrx_word' id='word_1_153' title='bbox 957 2890 1105 2955; x_wconf 86' lang='lat'>895.</span> 
     </span>
    </p>
   </div>
   <div class='ocr_carea' id='block_1_6' title="bbox 803 2993 2169 3082">
    <p class='ocr_par' dir='ltr' id='par_1_7' title="bbox 803 2993 2169 3082">
     <span class='ocr_line' id='line_1_27' title="bbox 803 2993 2169 3082; baseline 0.002 -25"><span class='ocrx_word' id='word_1_154' title='bbox 803 2993 1164 3081; x_wconf 88' lang='lat' dir='ltr'>primaeque</span> <span class='ocrx_word' id='word_1_155' title='bbox 1207 2996 1365 3060; x_wconf 90' lang='lat' dir='ltr'>mori</span> <span class='ocrx_word' id='word_1_156' title='bbox 1410 3018 1527 3082; x_wconf 88' lang='lat' dir='ltr'>pro</span> <span class='ocrx_word' id='word_1_157' title='bbox 1573 2994 1899 3060; x_wconf 87' lang='lat' dir='ltr'>moenibus</span> <span class='ocrx_word' id='word_1_158' title='bbox 1945 2993 2169 3060; x_wconf 84' lang='lat' dir='ltr'>ardent</span> 
     </span>
    </p>
   </div>
   <div class='ocr_carea' id='block_1_7' title="bbox 574 3098 1151 3166">
    <p class='ocr_par' dir='ltr' id='par_1_8' title="bbox 574 3098 1151 3166">
     <span class='ocr_line' id='line_1_28' title="bbox 574 3098 1151 3166; baseline 0.007 -4"><span class='ocrx_word' id='word_1_159' title='bbox 574 3099 631 3162; x_wconf 91' lang='lat' dir='ltr'>P</span> <span class='ocrx_word' id='word_1_160' title='bbox 652 3125 666 3164; x_wconf 68' lang='grc' dir='ltr'><em>ε</em></span> <span class='ocrx_word' id='word_1_161' title='bbox 713 3098 1151 3166; x_wconf 84' lang='lat' dir='ltr'>PRIAMAE.</span> 
     </span>
    </p>
   </div>
   <div class='ocr_carea' id='block_1_8' title="bbox 1306 3342 1929 3434">
    <p class='ocr_par' dir='ltr' id='par_1_9' title="bbox 1306 3342 1929 3434">
     <span class='ocr_line' id='line_1_29' title="bbox 1306 3342 1929 3434; baseline 0 -20"><span class='ocrx_word' id='word_1_162' title='bbox 1306 3346 1472 3414; x_wconf 86' lang='lat' dir='ltr'>Aen.</span> <span class='ocrx_word' id='word_1_163' title='bbox 1521 3347 1604 3414; x_wconf 93' lang='lat' dir='ltr'>II.</span> <span class='ocrx_word' id='word_1_164' title='bbox 1654 3342 1782 3413; x_wconf 80' lang='lat'>615</span> <span class='ocrx_word' id='word_1_165' title='bbox 1830 3365 1929 3434; x_wconf 87' lang='lat' dir='ltr'>sq.</span> 
     </span>
    </p>
   </div>
   <div class='ocr_carea' id='block_1_9' title="bbox 809 3510 2495 3703">
    <p class='ocr_par' dir='ltr' id='par_1_10' title="bbox 809 3510 2495 3703">
     <span class='ocr_line' id='line_1_30' title="bbox 809 3510 2495 3596; baseline -0.001 -20"><span class='ocrx_word' id='word_1_166' title='bbox 809 3513 961 3576; x_wconf 84' lang='lat' dir='ltr'>Iam</span> <span class='ocrx_word' id='word_1_167' title='bbox 1002 3533 1301 3576; x_wconf 82' lang='lat' dir='ltr'>summas</span> <span class='ocrx_word' id='word_1_168' title='bbox 1345 3533 1524 3576; x_wconf 77' lang='lat' dir='ltr'>arces</span> <span class='ocrx_word' id='word_1_169' title='bbox 1575 3511 1873 3575; x_wconf 73' lang='lat' dir='ltr'>Tritonia</span> <span class='ocrx_word' id='word_1_170' title='bbox 1926 3511 2213 3596; x_wconf 76' lang='lat' dir='ltr'>(respice)</span> <span class='ocrx_word' id='word_1_171' title='bbox 2270 3510 2495 3574; x_wconf 82' lang='lat' dir='ltr'>Pallas</span> 
     </span>
     <span class='ocr_line' id='line_1_31' title="bbox 810 3617 2395 3703; baseline 0.001 -23"><span class='ocrx_word' id='word_1_172' title='bbox 810 3617 1065 3682; x_wconf 77' lang='lat' dir='ltr'>Insedit</span> <span class='ocrx_word' id='word_1_173' title='bbox 1105 3617 1328 3682; x_wconf 75' lang='lat' dir='ltr'>nimbo</span> <span class='ocrx_word' id='word_1_174' title='bbox 1375 3619 1689 3702; x_wconf 75' lang='lat' dir='ltr'>effulyens</span> <span class='ocrx_word' id='word_1_175' title='bbox 1734 3623 1796 3682; x_wconf 79' lang='lat' dir='ltr'>et</span> <span class='ocrx_word' id='word_1_176' title='bbox 1848 3617 2139 3703; x_wconf 69' lang='lat' dir='ltr'>Goryone</span> <span class='ocrx_word' id='word_1_177' title='bbox 2181 3639 2395 3682; x_wconf 83' lang='lat' dir='ltr'>saeva.</span> 
     </span>
    </p>
   </div>
   <div class='ocr_carea' id='block_1_10' title="bbox 492 3756 2759 4035">
    <p class='ocr_par' dir='ltr' id='par_1_11' title="bbox 492 3756 2759 4035">
     <span class='ocr_line' id='line_1_32' title="bbox 670 3756 2756 3844; baseline -0 -23"><span class='ocrx_word' id='word_1_178' title='bbox 670 3757 797 3821; x_wconf 90' lang='lat' dir='ltr'>Pro</span> <span class='ocrx_word' id='word_1_179' title='bbox 871 3759 1094 3822; x_wconf 79' lang='lat' dir='ltr'>nimbo</span> <span class='ocrx_word' id='word_1_180' title='bbox 1165 3758 1394 3844; x_wconf 85' lang='lat' dir='ltr'>legitur</span> <span class='ocrx_word' id='word_1_181' title='bbox 1459 3758 1524 3821; x_wconf 92' lang='lat' dir='ltr'>in</span> <span class='ocrx_word' id='word_1_182' title='bbox 1588 3758 1923 3823; x_wconf 87' lang='lat' dir='ltr'>Moretano</span> <span class='ocrx_word' id='word_1_183' title='bbox 1988 3756 2263 3822; x_wconf 91' lang='lat' dir='ltr'>secundo</span> <span class='ocrx_word' id='word_1_184' title='bbox 2329 3757 2502 3822; x_wconf 87' lang='lat' dir='ltr'>varia</span> <span class='ocrx_word' id='word_1_185' title='bbox 2566 3757 2756 3821; x_wconf 85' lang='lat' dir='ltr'>lectio</span> 
     </span>
     <span class='ocr_line' id='line_1_33' title="bbox 495 3862 2754 3950; baseline -0.001 -23"><span class='ocrx_word' id='word_1_186' title='bbox 495 3864 692 3928; x_wconf 84' lang='lat' dir='ltr'>limbo</span> <span class='ocrx_word' id='word_1_187' title='bbox 700 3914 718 3945; x_wconf 80' lang='lat'><em>‚</em></span> <span class='ocrx_word' id='word_1_188' title='bbox 784 3862 954 3947; x_wconf 91' lang='lat' dir='ltr'>quod</span> <span class='ocrx_word' id='word_1_189' title='bbox 999 3886 1038 3927; x_wconf 88' lang='lat' dir='ltr'>a</span> <span class='ocrx_word' id='word_1_190' title='bbox 1082 3863 1457 3949; x_wconf 87' lang='lat' dir='ltr'>quibusdam</span> <span class='ocrx_word' id='word_1_191' title='bbox 1522 3887 1638 3950; x_wconf 94' lang='lat' dir='ltr'>pro</span> <span class='ocrx_word' id='word_1_192' title='bbox 1703 3866 1927 3929; x_wconf 76' lang='lat' dir='ltr'>nimbo</span> <span class='ocrx_word' id='word_1_193' title='bbox 1990 3865 2223 3930; x_wconf 88' lang='lat' dir='ltr'>lectum</span> <span class='ocrx_word' id='word_1_194' title='bbox 2290 3886 2429 3928; x_wconf 90' lang='lat' dir='ltr'>esse</span> <span class='ocrx_word' id='word_1_195' title='bbox 2494 3863 2754 3927; x_wconf 83' lang='lat' dir='ltr'>Servius</span> 
     </span>
     <span class='ocr_line' id='line_1_34' title="bbox 492 3968 2759 4035; baseline -0 -3"><span class='ocrx_word' id='word_1_196' title='bbox 492 3968 701 4033; x_wconf 87' lang='lat' dir='ltr'>tradit.</span> <span class='ocrx_word' id='word_1_197' title='bbox 791 3969 1032 4034; x_wconf 84' lang='lat' dir='ltr'>Nimbo</span> <span class='ocrx_word' id='word_1_198' title='bbox 1097 3979 1306 4034; x_wconf 90' lang='lat' dir='ltr'>autem</span> <span class='ocrx_word' id='word_1_199' title='bbox 1368 3978 1434 4034; x_wconf 93' lang='lat' dir='ltr'>et</span> <span class='ocrx_word' id='word_1_200' title='bbox 1494 3970 1561 4033; x_wconf 88' lang='lat' dir='ltr'>in</span> <span class='ocrx_word' id='word_1_201' title='bbox 1617 3971 1905 4035; x_wconf 91' lang='lat' dir='ltr'>omnibus</span> <span class='ocrx_word' id='word_1_202' title='bbox 1962 3969 2282 4035; x_wconf 91' lang='lat' dir='ltr'>codicibus</span> <span class='ocrx_word' id='word_1_203' title='bbox 2329 3969 2649 4034; x_wconf 88' lang='lat' dir='ltr'>invenitur</span> <span class='ocrx_word' id='word_1_204' title='bbox 2692 3976 2759 4032; x_wconf 90' lang='lat' dir='ltr'>et</span> 
     </span>
    </p>
   </div>
   <div class='ocr_carea' id='block_1_11' title="bbox 493 4073 2757 4162">
    <p class='ocr_par' dir='ltr' id='par_1_12' title="bbox 493 4073 2757 4162">
     <span class='ocr_line' id='line_1_35' title="bbox 493 4073 2757 4162; baseline -0.002 -20"><span class='ocrx_word' id='word_1_205' title='bbox 493 4074 574 4142; x_wconf 85' lang='lat' dir='ltr'>ab</span> <span class='ocrx_word' id='word_1_206' title='bbox 619 4073 843 4145; x_wconf 86' lang='lat' dir='ltr'>Servio</span> <span class='ocrx_word' id='word_1_207' title='bbox 890 4084 955 4140; x_wconf 92' lang='lat' dir='ltr'>et</span> <span class='ocrx_word' id='word_1_208' title='bbox 997 4075 1077 4143; x_wconf 89' lang='lat' dir='ltr'>ab</span> <span class='ocrx_word' id='word_1_209' title='bbox 1124 4075 1461 4144; x_wconf 85' lang='lat' dir='ltr'>scholiasta</span> <span class='ocrx_word' id='word_1_210' title='bbox 1503 4075 1587 4142; x_wconf 88' lang='lat' dir='ltr'>ad</span> <span class='ocrx_word' id='word_1_211' title='bbox 1631 4075 1792 4162; x_wconf 86' lang='lat' dir='ltr'>Hor.</span> <span class='ocrx_word' id='word_1_212' title='bbox 1838 4099 2022 4142; x_wconf 78' lang='lat' dir='ltr'>carm.</span> <span class='ocrx_word' id='word_1_213' title='bbox 2068 4076 2122 4141; x_wconf 91' lang='lat' dir='ltr'>I.</span> <span class='ocrx_word' id='word_1_214' title='bbox 2172 4080 2272 4141; x_wconf 89' lang='grc'>15.</span> <span class='ocrx_word' id='word_1_215' title='bbox 2325 4079 2425 4141; x_wconf 93' lang='grc'>11.</span> <span class='ocrx_word' id='word_1_216' title='bbox 2469 4074 2757 4139; x_wconf 85' lang='lat' dir='ltr'>traditur.</span> 
     </span>
    </p>
   </div>
   <div class='ocr_carea' id='block_1_12' title="bbox 3069 1659 3091 2364">
    <p class='ocr_par' dir='ltr' id='par_1_13' title="bbox 3069 1659 3091 2364">
     <span class='ocr_line' id='line_1_36' title="bbox 3069 1659 3091 2364; baseline 0 0"><span class='ocrx_word' id='word_1_217' title='bbox 3069 1659 3091 2364; x_wconf 95' lang='lat' dir='ltr'> </span> 
     </span>
    </p>
   </div>
  </div>
 </body>
</html>
