3125 4692
1632 277 1716 354 20

549 512 555 516 ·
715 476 987 548 Accedit
1032 479 1206 568 quod
1231 480 1427 562 locuS‚
1474 480 1553 547 de
1587 503 1712 568 quo
1745 479 2166 566 disputamuS,'
2203 455 2345 544 cum
2383 477 2508 544 illis
2537 473 2808 543 Homeri

540 590 828 657 versibus
891 588 969 653 Il.
1032 586 1193 655 XV.
1261 590 1405 653 193.
1458 587 1513 652 I.
1579 591 1728 653 402.
1803 586 1960 651 nihil
2021 585 2214 650 habet
2276 585 2620 650 communis
2683 583 2808 647 nisi

539 696 799 784 Olympi
828 694 1227 761 mentionem.
1270 693 1439 758 Nam
1467 692 1796 780 Vergilius
1829 692 2130 757 describit
2166 700 2487 756 taurorum
2516 713 2807 779 pugnam,

539 825 802 891 quorum
859 801 1103 886 mugitu
1158 800 1473 886 Olympus
1526 806 1806 880 resonat,
1869 799 2190 863 Homerus
2252 805 2464 862 narrat
2516 797 2592 862 11.
2646 795 2807 865 XV.

543 913 690 977 193.
755 907 974 974 mundi
1039 906 1419 973 divisionem
1472 907 1637 971 inter
1689 907 2085 993 Neptunum,
2147 904 2512 985 Plutonem,
2583 903 2809 968 Iovem

534 1016 764 1082 factam
809 1021 875 1080 et
916 1012 994 1077 11.
1024 1013 1078 1078 I.
1124 1017 1273 1079 402.
1317 1012 1751 1079 liberationem
1779 1012 1824 1076 J
1825 1013 1964 1078 ovis
2011 1035 2050 1076 a
2093 1011 2317 1076 ceteris
2364 1009 2502 1074 deis
2534 1009 2804 1074 deabus-

538 1145 660 1208 que
723 1121 924 1187 vincti
987 1143 1026 1184 a
1076 1118 1351 1184 Thetide
1415 1119 1789 1200 confectam,
1861 1119 2094 1205 quippe
2167 1139 2327 1203 quae
2391 1116 2808 1180 centimanum

536 1229 865 1294 Briareum
918 1225 1051 1323 „sig
1104 1225 1349 1317 μακρὸν
1378 1219 1763 1312 ”Ολυμπον“
1819 1224 2140 1290 acciverit:
2204 1231 2279 1287 ut
2331 1223 2632 1300 nesciam,
2687 1243 2810 1307 qua

536 1358 605 1400 re
649 1334 978 1421 Vergilius
1034 1341 1381 1398 commotus
1438 1353 1578 1397 esse
1631 1330 1948 1419 putandus
2005 1330 2116 1411 sit,
2176 1338 2249 1394 ut
2291 1329 2645 1393 Homerum
2688 1327 2809 1391 hoc

534 1442 675 1507 loco
721 1441 1086 1506 imitaretur.

714 1546 1013 1612 Ceterum
1040 1542 1402 1610 Mediceum
1448 1542 1737 1608 hocloco
1767 1543 2213 1630 interpolatum
2251 1565 2411 1624 esse,
2456 1543 2612 1608 alios
2653 1565 2808 1628 quo-

536 1676 659 1740 que
706 1650 1053 1718 credituros
1100 1674 1240 1717 esse
1286 1673 1490 1738 spero,
1536 1651 1593 1716 si
1637 1651 1918 1736 argutius
1966 1673 2057 1732 ea,
2103 1673 2262 1736 quae
2307 1649 2640 1715 Mediceus
2686 1649 2806 1714 hoc

534 1760 675 1824 loco
729 1758 991 1846 praebet
1044 1762 1361 1842 (resonant
1400 1806 1642 1824 .....
1681 1757 1956 1843 longius)
2023 1757 2399 1822 conferimus
2465 1779 2606 1820 cum
2667 1756 2808 1820 loco

536 1865 863 1932 Aeneidos
909 1865 1243 1948 simillim0‚
1287 1863 1453 1935 VII.
1504 1867 1628 1929 700
1679 1887 1771 1951 sq.

1808 1970 1998 2057 longa
2041 1993 2303 2036 canoros

854 2077 1033 2144 Dant
1075 2101 1191 2166 per
1233 2078 1395 2144 colla
1437 2076 1682 2159 modOS,
1729 2085 1913 2143 sonat
1957 2077 2159 2142 amnis
2206 2084 2272 2142 et
2314 2076 2476 2142 Asia
2517 2077 2704 2163 longe

855 2185 1053 2250 Pulsa
1095 2185 1293 2272 palus,

714 2291 881 2370 Quis
927 2299 1042 2372 est,
1088 2292 1189 2354 cui
1218 2314 1348 2355 non
1377 2292 1718 2360 verisimile
1748 2291 2057 2372 videatur,
2104 2313 2184 2355 ex
2228 2290 2347 2354 hoc
2376 2290 2515 2354 loco
2549 2290 2808 2373 lonyius

535 2396 644 2463 illo
688 2397 848 2479 loco,
894 2397 994 2461 cui
1038 2406 1208 2462 recte
1254 2398 1695 2464 constituendo
1743 2415 1998 2486 operam
2040 2420 2363 2478 navamus,
2417 2397 2484 2461 in
2527 2395 2806 2460 Medicei

535 2505 875 2590 archetypo
930 2502 1313 2590 adscriptum
1364 2503 1561 2570 fuisse
1571 2553 1590 2586 ,
1663 2528 1806 2569 cum
1870 2503 2027 2568 illud
2079 2525 2447 2590 perversum
2498 2508 2812 2567 resonant

534 2633 651 2698 pro
694 2612 967 2678 reboant
1016 2610 1082 2675 in
1126 2609 1422 2676 Mediceo
1475 2610 1671 2697 legat,
1727 2618 1836 2676 aut
1889 2610 1990 2674 cui
2042 2618 2172 2675 tam
2216 2611 2468 2697 ignotus
2529 2617 2628 2674 est
2670 2631 2808 2674 mos

536 2717 934 2802 antiquorum
988 2717 1558 2802 grammaticorum,
1617 2717 1757 2782 loco
1813 2716 2088 2802 quodam
2140 2715 2220 2782 de
2277 2717 2466 2781 simili
2509 2716 2650 2781 loco
2697 2715 2810 2780 ad-

535 2844 790 2888 monere
836 2822 1115 2908 integros
1162 2843 1382 2888 versus
1428 2831 1538 2887 aut
1583 2823 1858 2909 singulas
1903 2845 2095 2890 voces
2142 2821 2569 2888 adscribentes
2583 2825 2615 2886 ἱ)

714 2945 941 3032 Itaque
986 2946 1053 3010 in
1096 2944 1379 3012 Medicei
1424 2947 1766 3035 archetypo
1810 2947 1966 3012 haec
2009 2945 2207 3010 fuisse
2251 2954 2434 3033 puto:

673 3050 1041 3117 SONANT
1832 3051 2149 3118 LONGE
2169 3056 2269 3135 (ex
2287 3052 2450 3118 Aen.
2470 3051 2633 3123 VII.
2660 3053 2808 3136 701)

601 3140 977 3206 REBOAN
978 3141 1037 3206 T
1082 3141 1627 3221 SILVAEQVE
1670 3141 1790 3207 ΕΤ
1833 3141 2232 3212 MAGNVS
2279 3141 2744 3211 OLYMPVS.

714 3263 1037 3330 Librarius
1112 3274 1323 3330 autem
1382 3275 1457 3331 ut
1518 3273 1764 3332 sonant
1824 3267 1914 3330 ita
1969 3267 2150 3351 Zonye
2215 3264 2565 3351 corrigendi
2623 3287 2810 3330 causa

538 3372 1025 3459 suprascriptum
1094 3394 1234 3437 esse
1298 3380 1471 3438 ratus
1529 3381 1653 3455 est,
1717 3372 1833 3438 sed
1884 3394 2000 3459 pro
2054 3370 2494 3439 LONGEVS
2561 3371 2811 3458 scripsit

535 3477 970 3546 LONGIVS.
1056 3477 1117 3542 E
1162 3487 1229 3544 et
1270 3478 1310 3543 I
1362 3479 1581 3544 literae
1635 3479 1930 3565 perfacile
1973 3480 2202 3544 mutari
2245 3487 2538 3566 poterant
2578 3499 2807 3564 easque

535 3592 811 3649 mutatas
858 3607 999 3649 esse
1029 3585 1417 3650 Ribbeckius
1464 3584 1652 3650 docet
1695 3585 1762 3649 in
1805 3586 2264 3672 prolegomenis
2311 3584 2543 3650 criticis
2584 3609 2644 3672 p.
2678 3589 2806 3650 243

537 3713 627 3776 sq.
674 3699 740 3756 et
782 3692 849 3755 in
893 3689 1102 3757 indice
1146 3692 1548 3777 grammatico
1595 3716 1698 3779 pp.
1745 3695 1875 3757 415
1923 3715 2057 3779 sqq.
2107 3700 2172 3757 et
2214 3715 2320 3779 pp.
2366 3694 2494 3758 401
2544 3715 2654 3778 sq„
2698 3691 2807 3756 ubi

537 3798 617 3863 de
646 3797 1215 3885 praepositionibus
1262 3798 1339 3863 de
1384 3806 1449 3863 et
1492 3798 1565 3862 di
1607 3798 1674 3863 in
1714 3799 2077 3886 compositis
2107 3799 2478 3886 permutatis
2506 3799 2800 3884 loquitur.

713 3923 815 3987 Ne
861 3932 1071 3989 autem
1117 3931 1351 3988 temere
1399 3920 1828 3987 adfirmavisse
1876 3921 2112 4004 videar,
2157 3922 2224 3987 in
2267 3921 2546 4015 Medicei
2592 3921 2811 3988 arche-

534 4035 688 4115 typo
720 4050 911 4094 voces
941 4051 1022 4094 ex
1052 4029 1237 4094 simili
1266 4029 1407 4094 loco
1439 4027 1786 4115 adscriptas
1817 4028 2031 4110 fuisse,
2076 4027 2317 4115 aliquot
2343 4028 2536 4112 locos,
2576 4028 2804 4117 quibus

534 4133 868 4206 Mediceus
912 4135 1033 4200 hoc
1080 4134 1236 4202 vitio
1282 4135 1644 4224 inquinatus
1691 4143 1805 4217 est,
1855 4133 2126 4200 afferam.
