3125 4692
1441 213 1521 302 31

346 425 616 517 poetam,
661 436 735 493 ut
764 451 921 495 voce
966 429 1225 493 sonitus
1269 427 1439 493 idem
1484 429 1716 513 signas
1737 448 1809 492 ao
1838 427 2096 510 fulmen
2140 426 2418 491 tonitrua
2445 446 2614 492 oom-

346 557 628 616 movens‚
674 535 765 598 ita
808 535 1055 599 flamma
1096 532 1268 598 idem
1314 534 1731 620 significatum
1775 533 2054 598 voluisse
2099 556 2172 597 ae
2216 534 2463 598 nimbis,

522 640 749 726 Itaque
793 663 933 705 mea
962 638 1214 726 quidem
1250 640 1561 718 sententia
1591 639 1862 704 nimbus
1908 648 2007 704 est
2052 662 2179 704 vox
2217 638 2428 704 media
2455 663 2615 726 quae

348 747 582 812 dieitur
625 755 697 811 ut
740 747 805 810 in
850 755 1069 811 nostra
1110 746 1325 832 lingua
1374 746 1615 810 Schein
1658 768 1860 830 neque
1905 745 2112 810 minus
2156 745 2464 832 fulgorem
2508 756 2618 811 aut

346 851 576 918 claram
630 854 923 918 nebulam
977 853 1324 939 significare
1378 860 1594 939 potest
1649 874 1840 938 quam
1891 851 2092 918 nubes
2146 860 2256 916 aut
2309 853 2619 934 tenebrae,

350 958 431 1024 de
476 982 599 1046 qua
644 959 1099 1045 significatione
1146 980 1335 1045 supra
1381 951 1666 1022 disserui.
1743 957 1844 1022 Ne
1890 957 2148 1044 longum
2177 959 2426 1024 faciam:
2475 983 2618 1025 oum

344 1067 509 1130 Aen.
538 1065 702 1130 XII.
735 1067 883 1130 811.
928 1066 1224 1150 flammis
1269 1065 1485 1129 cineta
1528 1062 1698 1128 idem
1743 1087 1886 1128 esse
1929 1064 2222 1129 videatur
2267 1088 2454 1151 quam
2499 1066 2620 1129 hoc

345 1172 487 1237 loeo
542 1173 769 1236 nimbo
826 1171 1176 1255 effulyens;
1244 1193 1387 1234 cum
1442 1193 1522 1234 ex
1568 1169 1730 1234 Aen.
1775 1169 1901 1234 IX.
1951 1173 2097 1250 111,
2151 1170 2241 1238 V.
2289 1173 2437 1252 655,
2491 1172 2619 1240 VI.

351 1281 479 1344 585
527 1285 842 1364 appareat,
888 1299 1111 1341 vocem
1154 1276 1351 1342 nimbi
1397 1277 1587 1340 etiam
1634 1275 1714 1340 de
1758 1275 2000 1362 fulgore
2047 1299 2119 1342 ae
2162 1277 2394 1342 lumine
2440 1300 2623 1342 usur-

350 1393 563 1471 patam
592 1406 749 1464 esse,
795 1405 923 1448 non
964 1381 1185 1448 dubito
1216 1382 1548 1447 affirmare:
1596 1381 1956 1468 Vergilium
1986 1382 2105 1448 hoe
2135 1383 2295 1477 1000,
2337 1383 2499 1448 Αο11.
2529 1383 2621 1449 Π.

352 1492 509 1570 616,
562 1489 922 1555 Minervam
973 1489 1065 1553 ita
1117 1487 1557 1575 descripsisse,
1614 1497 1686 1552 ut
1739 1495 1943 1554 totum
1998 1488 2132 1552 eius
2179 1510 2440 1574 eorpus,
2493 1512 2620 1553 non

354 1603 543 1682 eaput
586 1595 817 1676 solum,
869 1602 943 1659 ut
988 1590 1248 1660 Servius
1304 1594 1483 1675 dicit,
1537 1583 1748 1660 lucido
1795 1591 2127 1680 splendore
2172 1593 2426 1679 fulgeat,
2461 1595 2618 1680 [sive

349 1711 541 1789 poeta
586 1701 665 1766 de
711 1699 987 1766 incendii
1030 1701 1297 1766 flammis
1344 1701 1666 1786 cogitavit,
1712 1701 1847 1766 sive
1892 1700 2014 1764 hoo
2044 1699 2257 1764 nimbo
2288 1700 2620 1765 Minervae

350 1807 719 1894 adspectum
764 1806 1206 1872 terribiliorem
1248 1799 1513 1871 reddere
1561 1806 1781 1887 voluit,
1825 1814 1899 1871 ut
1936 1807 2044 1871 illo
2074 1807 2234 1886 1000,
2278 1806 2440 1871 XII.
2474 1809 2622 1887 811,

352 1911 667 1977 Ι11110110111
710 1913 974 1978 flammis
1020 1913 1287 1978 cinctam
1330 1912 1527 1978 finxit.

534 2017 664 2083 Sed
693 2017 1025 2084 redeamus
1055 2017 1137 2082 ad
1157 2018 1447 2086 Servium
1478 2019 1737 2106 eiusque
1757 2018 2362 2105 interpretationem:
2394 2020 2620 2101 „Nube

352 2124 596 2206 divina;
643 2133 742 2190 est
772 2125 939 2189 enim
967 2124 1276 2210 fulgidum
1303 2126 1532 2206 lumen,
1575 2149 1700 2212 quo
1732 2124 1994 2190 deorum
2024 2125 2232 2211 capita
2261 2126 2622 2211 cinguntur:

357 2233 447 2296 sie
478 2230 670 2296 etiam
698 2231 873 2318 pingi
905 2231 1083 2296 solet.
1100 2236 1141 2317 ¹)
1219 2231 1448 2319 Capita
1477 2230 1741 2296 deorum
1785 2231 1894 2295 tali
1936 2230 2148 2298 lucido
2180 2227 2330 2296 orbe
2363 2233 2624 2296 eircum-

353 2336 501 2402 data
564 2335 734 2401 haud
796 2359 936 2401 raro
1003 2336 1291 2404 videmus
1354 2339 1421 2402 in
1483 2338 1744 2424 picturis
1799 2337 2148 2424 parietariis
2203 2338 2624 2424 Pompeianis

351 2443 697 2528 Postquam
727 2443 892 2508 enim
922 2437 1189 2508 artifices
1233 2452 1514 2530 tempore
1545 2443 2135 2523 Alexandrinorum,
2175 2443 2345 2528 quod
2377 2444 2624 2525 dieitur,

355 2549 603 2612 initium
646 2548 958 2628 fecerunt,
1014 2549 1277 2614 deorum
1321 2571 1585 2635 corpora
1629 2572 1705 2614 eo
1751 2549 1941 2614 modo
1997 2550 2076 2615 ab
2121 2549 2444 2614 hominum
2489 2573 2625 2614 eor-

350 2655 611 2742 poribus
676 2652 1130 2740 distinguendi,
1194 2655 1274 2721 ab
1306 2655 1459 2720 fflis
1532 2655 1636 2720 hie
1699 2679 1852 2720 usus
1916 2655 1998 2720 ad
2064 2654 2288 2720 Italiae
2351 2657 2624 2743 pictores

353 2763 601 2826 transiit
662 2763 877 2847 itaque
939 2783 1140 2848 usque
1203 2762 1271 2826 in
1338 2771 1553 2826 nostra
1614 2770 1900 2849 tempora
1961 2762 2260 2826 remansit
2326 2771 2392 2826 et
2456 2785 2624 2827 nune

355 2868 879 2952 Heiliye‘nsehein
934 2877 1211 2936 vocatur.
1314 2865 1528 2946 Quare
1598 2891 1740 2939 oum
1794 2868 2054 2933 dubium
2117 2891 2243 2932 non
2300 2870 2410 2950 sit,
2473 2870 2624 2955 quin

356 2973 661 3039 Romanis
692 2975 966 3060 Vergilii
998 2975 1387 3062 temporibus
1436 2997 1511 3040 ea
1553 2997 1674 3055 reS,
1720 2997 1908 3059 quam
1939 2973 2198 3040 Servius
2229 2975 2430 3056 affert,
2475 2986 2626 3042 nota

352 3079 560 3160 fuerit,
604 3079 871 3144 fortasse
902 3082 960 3144 ei
994 3081 1406 3146 diffidendum
1450 3104 1578 3145 non
1625 3089 1724 3145 est
1767 3078 1847 3144 de
1889 3103 2065 3161 voce,
2111 3104 2295 3166 quam
2341 3081 2488 3146 111110
2531 3085 2624 3148 rei

354 3187 623 3273 imponit
668 3186 977 3270 (nimbus).
1456 3189 1463 3194 “

530 3293 681 3357 Non
728 3292 935 3358 minus
982 3302 1193 3358 autem
1232 3317 1419 3380 quam
1463 3293 1690 3359 nimbo
1736 3302 1953 3380 aptum
2000 3293 2196 3358 limbo
2241 3292 2394 3358 mihi
2438 3303 2628 3382 poeta

356 3398 683 3486 indignum
726 3398 996 3466 videtur.
1041 3399 1207 3464 Nam
1252 3423 1439 3485 quam
1482 3400 1768 3485 ineptum
1808 3408 1994 3481 esset,
2037 3423 2423 3487 gorgoneum
2453 3401 2627 3482 illud,

356 3512 657 3572 terrorem
720 3506 999 3570 omnium
1052 3505 1412 3570 animalium
1475 3505 1701 3570 eodem
1755 3505 1975 3570 ordine
2031 3506 2286 3592 iungere
2343 3529 2486 3573 011111
2542 3547 2626 3558 -—-

355 3613 555 3678 vestis
599 3613 827 3678 lacinia
870 3635 985 3678 acu
1030 3613 1225 3700 pieta!

532 3719 699 3783 Tum
760 3718 930 3784 haud
985 3720 1143 3800 scio,
1206 3716 1523 3804 quomodo
1587 3719 1730 3784 talis
1792 3717 2018 3784 lacinia
2079 3741 2118 3784 a
2181 3740 2424 3784 summa
2485 3741 2640 3786 aree-

357 3847 555 3912 usque
601 3826 668 3890 in
713 3825 903 3889 imam
944 3827 1165 3892 urbem
1218 3847 1334 3912 per
1386 3834 1638 3890 noo-tem
1694 3835 1758 3890 et
1810 3826 2102 3891 tenebras
2148 3825 2356 3891 lucere
2401 3828 2624 3913 possit.

537 4003 583 4068 ¹)
619 4002 812 4060 Omnia
836 4008 1181 4058 monumenta
1207 4002 1345 4059 artis
1372 4002 1649 4073 antiquae,
1679 4001 1737 4058 in
1761 4003 1955 4072 quibus
1978 4002 2067 4060 hic
2091 4003 2305 4060 nimbus
2329 4002 2626 4080 invenitur,

360 4089 593 4148 eontulit
626 4091 887 4165 Stephani
920 4089 957 4148 1.
993 4089 1027 4147 l.
