3125 4692
1546 265 1583 335 6

442 461 754 548 praetulit.
829 461 1008 526 Inter
1052 483 1210 547 quos
1253 463 1524 548 primum
1566 463 1775 529 locum
1819 463 2130 530 concessit
2159 465 2466 545 Palatino,
2513 489 2701 552 quem

444 567 753 632 editiones
786 567 1313 633 Commelinianae
1355 578 1606 636 secutae
1648 579 1813 651 sunt,
1858 594 2017 657 quae
2058 572 2239 636 annis
2272 575 2468 652 1589,
2511 575 2701 652 1599,

446 677 616 740 1603
670 674 1054 762 prodierunt.
1155 673 1285 739 Sed
1339 697 1482 742 cum
1532 674 1652 740 hae
1707 675 2015 742 editiones
2068 679 2371 743 lectiones
2426 678 2699 744 Palatini

441 803 663 867 parum
725 789 1009 845 accurate
1072 779 1464 846 reddiderint
1527 790 1620 862 et,
1692 784 1813 848 etsi
1876 806 1915 847 a
1977 785 2131 849 viris
2188 783 2391 849 doctis
2448 785 2701 850 omnino

441 887 762 972 neglectae
793 909 920 952 non
952 887 1096 968 sint,
1134 895 1342 957 tamen
1373 887 1653 954 Medicei
1684 890 2037 955 auctoritati
2076 891 2330 956 minime
2361 893 2704 972 nocuerint,

441 995 664 1059 merito
711 992 836 1057 dici
880 1001 1118 1081 potest,
1175 994 1596 1064 Ribbeckium
1640 994 1919 1076 demum,
1976 996 2083 1082 qui
2140 997 2378 1083 primus
2425 995 2705 1063 codicem

445 1099 776 1187 diligenter
819 1100 1060 1166 Romae
1107 1099 1388 1181 contulit,
1435 1123 1579 1167 eum
1623 1103 1787 1166 inter
1828 1102 2022 1166 libros
2066 1103 2541 1189 manuscriptOS,
2596 1101 2705 1188 qui

449 1205 624 1292 digni
645 1213 874 1297 essent,
903 1229 1168 1292 quorum
1185 1207 1546 1272 testimonia
1563 1209 1629 1272 in
1650 1207 1951 1290 iudicium
1969 1230 2354 1289 vocaremus,
2374 1209 2703 1294 recepisse.

447 1313 835 1379 Ribbeckius
867 1321 1093 1393 autem,
1139 1335 1280 1377 cum
1310 1314 1375 1376 in
1407 1311 1683 1379 editione
1716 1337 1829 1379 sua
1856 1314 2157 1379 lectiones
2201 1315 2485 1400 vulgatas
2518 1336 2704 1400 saepe

447 1420 802 1500 removerit,
845 1441 946 1483 me
992 1419 1348 1500 commovit,
1391 1428 1466 1484 ut
1509 1419 1592 1484 ad
1636 1421 1909 1507 Vergilii
1956 1419 2205 1485 codices
2237 1421 2451 1484 oculos
2482 1419 2705 1486 adver-

449 1534 646 1590 terem
692 1532 772 1605 et,
819 1547 978 1610 quae
1024 1524 1284 1610 singulis
1317 1525 1639 1592 codicibus
1668 1525 1825 1591 fides
1860 1525 2149 1592 habenda
2180 1534 2365 1607 essct,
2410 1527 2705 1591 continuo

448 1633 656 1698 varias
717 1632 1020 1697 lectiones
1075 1631 1441 1720 inspiciens,
1505 1632 1858 1714 conferenS,
1922 1631 2271 1698 dijudicans
2331 1654 2707 1718 cognoscere

450 1755 723 1804 conarer.
797 1737 1068 1824 Legenti
1098 1746 1307 1802 autem
1349 1739 1505 1803 mihi
1547 1739 1670 1802 hoc
1708 1738 1897 1804 modo
1929 1739 2403 1824 diligentissime
2434 1738 2708 1824 Vergilii

450 1845 722 1910 carmina
741 1838 1045 1930 persuasi,
1072 1843 1391 1925 iudicium,
1421 1844 1593 1930 quod
1614 1846 2002 1911 Ribbeckius
2034 1844 2113 1910 de
2146 1853 2390 1932 septem
2409 1845 2711 1910 librorum

449 1953 648 2017 literis
692 1951 1051 2016 maiusculis
1083 1951 1474 2036 scriptorum,
1522 1951 1893 2016 schedarum
1923 1951 2379 2020 Vaticanarum
2408 1950 2485 2031 F,
2531 1950 2709 2015 sche-

453 2057 678 2132 darum„
715 2057 1156 2143 rescriptarum
1203 2055 1702 2141 Sangallensium
1748 2057 1829 2138 G,
1874 2056 2153 2122 Medicei
2194 2057 2289 2138 M,
2332 2057 2606 2122 Palatini
2636 2057 2710 2137 P,

449 2163 720 2229 Romani
749 2162 828 2243 R,
861 2161 1245 2226 ‘schedarum
1284 2163 1730 2249 rescriptamm
1758 2163 2233 2231 Veronensium
2261 2163 2351 2244 V,
2396 2163 2712 2250 Augustei

449 2271 517 2336 A
545 2270 668 2335 fide
701 2278 767 2334 et
795 2269 1164 2334 auctoritate
1194 2268 1360 2349 fecit,
1391 2267 1737 2354 generatim
1768 2277 1955 2356 atque
1986 2271 2278 2336 universe
2309 2293 2531 2336 verum
2553 2293 2709 2336 esse.

579 2389 586 2394 ’
626 2393 1032 2474 Ribbeckius,
1053 2400 1390 2479 postquam
1413 2390 1665 2457 codices
1689 2391 2039 2481 descripsit,
2062 2393 2142 2458 de
2162 2395 2254 2458 eis
2274 2395 2365 2458 sic
2388 2392 2624 2458 iudicat
2640 2396 2709 2476 ¹):

450 2502 681 2587 „Ergo,
725 2499 878 2586 quid
924 2507 1140 2587 aptum
1187 2507 1252 2563 et
1279 2499 1610 2585 pulchrum
1640 2522 1891 2586 quoque
1930 2501 2070 2564 loco
2103 2501 2203 2582 sit,
2249 2499 2553 2588 imprimis
2585 2500 2710 2564 acri

455 2632 645 2675 sensu
691 2604 1179 2686 diiudicandum,
1223 2606 1290 2669 in
1335 2604 1542 2671 dubiis
1575 2606 1935 2670 testimonia
1964 2629 2113 2693 prae
2146 2607 2370 2671 ceteris
2402 2604 2715 2670 audienda

456 2723 604 2781 sunt
631 2714 919 2794 Palatini,
951 2713 1070 2794 cui,
1099 2713 1208 2777 ubi
1231 2720 1500 2792 exstant,
1531 2712 1885 2780 Vaticanae
1918 2722 1982 2777 et
2000 2712 2412 2781 Veronenses
2446 2711 2713 2778 schedae

453 2845 637 2909 pares
681 2821 813 2886 fere
857 2818 1182 2884 habendae
1229 2827 1392 2884 sunt.
1491 2818 1691 2883 Paulo
1730 2819 2015 2895 inferior,
2074 2841 2448 2904 quamquam
2492 2817 2714 2882 adfinis

452 2929 754 3009 Palatini,
830 2925 1190 3006 Mediceus,
1273 2923 1688 2989 diffidendum
1758 2947 1913 2990 vero
1982 2925 2349 3011 plerumque
2406 2924 2713 2989 Romano.

456 3034 842 3101 Schedarum
884 3032 949 3097 A
969 3032 1033 3098 G
1079 3031 1160 3096 ad
1206 3029 1717 3096 constituendum
1759 3038 2005 3095 textum
2046 3054 2201 3096 usus
2247 3031 2566 3116 exiguus.“

629 3156 1054 3222 Nihilominus
1109 3155 1177 3219 in
1231 3154 1492 3240 singulis
1548 3154 1737 3220 rebus
1792 3154 2078 3221 dubitare
2122 3155 2299 3236 licet,
2362 3178 2517 3218 num
2558 3153 2716 3218 Rib-

455 3265 714 3331 beckius
781 3285 1029 3349 semper
1092 3260 1172 3325 de
1227 3259 1655 3347 praeferendis
1720 3269 1829 3324 aut
1880 3261 2339 3349 postponendis
2394 3259 2714 3326 codicibus

455 3381 623 3460 recte
670 3368 1056 3435 iudicaverit.
1132 3366 1277 3431 Etsi
1309 3366 1472 3431 enim
1502 3388 1632 3431 non
1662 3388 1842 3452 nego,
1885 3367 2243 3433 Palatinum
2270 3367 2427 3431 locis
2458 3364 2717 3451 quibus-

459 3478 606 3543 dam
649 3473 1039 3561 sequendum
1081 3496 1206 3538 non
1253 3495 1412 3553 esse,
1467 3473 1695 3558 quibus
1739 3472 2069 3538 Mediceus
2114 3473 2447 3537 lectionem
2491 3471 2718 3558 proba-

454 3585 646 3651 bilem
689 3582 974 3670 praebet,
1032 3588 1241 3645 tamen
1297 3580 1486 3644 etiam
1531 3579 1809 3666 saepius,
1864 3603 2050 3666 quam
2104 3577 2493 3644 Ribbeckius
2547 3576 2717 3656 fecit,

456 3689 727 3755 Palatini
791 3687 1160 3775 scriptiones
1222 3685 1579 3773 probandas
1644 3708 1782 3752 esse
1845 3700 2018 3772 puto.
2116 3684 2281 3749 Nam
2344 3706 2718 3770 quamquam

458 3797 561 3862 vel
607 3795 880 3883 optimus
925 3793 1128 3859 codex
1173 3814 1361 3879 saepe
1405 3790 1819 3879 interpolatus
1874 3799 1997 3870 est,
2051 3799 2260 3854 tamen
2316 3789 2382 3854 in
2426 3789 2715 3854 Palatino

458 3924 705 3989 semper
747 3901 878 3965 fere
925 3922 1297 3986 cognoscere
1341 3921 1696 3985 possumus,
1739 3896 1907 3964 unde
1936 3897 2238 3962 lectiones
2278 3918 2510 3986 pravae
2543 3902 2716 3962 ortae

642 4147 688 4216 ¹)
723 4146 940 4216 Proleg.
977 4145 1097 4202 crit.
1134 4162 1183 4217 p.
1221 4143 1340 4204 320.
