3125 4692
78 823 82 884 4,,
59 9 86 764 ,ῌ-ΜΜΛ

1451 273 1533 345 19

365 477 684 562 'Olympus
729 476 840 540 aut
884 452 962 539 ab
992 472 1132 560 ipso
1162 472 1491 539 Macrobio
1530 475 1659 559 pro'
1678 471 1949 558 genuina
1967 470 2263 557 'magnus
2302 469 2619 558 Olympus

358 583 628 670 positam
673 603 814 646 esse
861 589 970 644 aut
1010 581 1179 646 illam
1225 582 1292 644 in
1339 581 1472 646 eius
1520 579 1737 646 codice
1783 576 2163 666 adscriptam
2206 579 2421 645 fuisse.

531 705 613 770 In
657 703 1020 770 Mediceum
1064 713 1274 770 autem
1318 705 1472 769 haec
1515 704 1704 770 lectio
1752 701 1975 769 eodem
2020 702 2208 796 modo
2262 687 2436 768 illata
2480 727 2621 769 esse

356 820 571 898 potest
615 834 739 896 quo
783 812 852 875 in
895 811 1209 876 Macrobii
1241 811 1538 890 codicem,
1584 811 1707 876 nisi
1734 811 1899 875 forte
1931 809 2053 874 alia
2078 809 2265 875 huius
2297 811 2389 876 rei
2420 811 2619 898 expli-

359 918 538 998 cati0,
579 940 766 1003 quam
796 916 958 980 infra
986 939 1334 1003 proponam
1365 915 1777 1004 praeferenda
1806 924 1919 982 est.
1982 917 2149 981 Nam
2178 939 2318 981 cum
2350 919 2623 1004 antiquis

360 1024 746 1110 temporibus
808 1024 1194 1109 grammatici
1257 1032 1705 1104 scrutarentur,
1786 1023 2014 1109 quibus
2074 1023 2231 1088 locis
2294 1011 2624 1116 Vergilius

357 1131 709 1196 Homerum
761 1131 1040 1194 imitatus
1097 1138 1267 1196 esset
1282 1133 1352 1215 ¹),
1405 1130 1697 1194 facillime
1753 1127 2035 1194 accidere
2089 1137 2363 1220 poterat,
2416 1138 2515 1212 ut,
2570 1132 2625 1196 si

355 1238 498 1302 loco
547 1236 821 1322 quodam
848 1237 1210 1322 Vergilium
1253 1245 1504 1323 poetam
1537 1237 1852 1302 Graecum
1894 1237 2252 1321 generatim,
2269 1243 2457 1323 atque
2486 1241 2627 1303 uni-

358 1366 543 1408 verse
607 1343 916 1408 imitatum
981 1333 1144 1408 esse¹
1177 1344 1544 1430 apparebat,
1608 1344 1675 1407 in
1738 1342 1998 1428 singulis
2062 1342 2251 1408 rebus
2308 1344 2627 1431 exemplar

363 1459 613 1514 secutus
657 1472 787 1514 non
833 1458 982 1532 erat,
1027 1450 1116 1516 ibi
1163 1450 1515 1536 corruptela
1541 1449 1873 1535 irrepsisse
1920 1449 2011 1513 eis
2052 1448 2390 1532 videretur,
2437 1475 2627 1537 quam

363 1579 580 1621 sanare
627 1578 811 1622 suum
841 1579 981 1622 esse
1012 1556 1460 1621 arbitrarentur
1504 1595 1589 1603 --
1637 1555 1756 1619 hoc
1785 1553 1993 1636 mod0,
2038 1562 2111 1618 ut
2140 1558 2428 1645 exemplo
2466 1567 2626 1640 utar,

349 1663 616 1746 pliadas
661 1662 826 1730 Aen.
873 1661 1002 1726 [H.
1052 1665 1197 1727 516.
1254 1660 1693 1748 explicandum
1739 1668 1838 1725 est
1891 1700 1975 1708 —
2032 1669 2141 1725 aut
2194 1670 2290 1743 ut,
2346 1665 2401 1728 si
2453 1664 2627 1732 Ver-

358 1769 535 1854 gilio,
589 1776 661 1833 ut
703 1769 1057 1833 Homerum
1100 1769 1474 1849 imitaretur,
1527 1769 1595 1833 in
1638 1775 1913 1832 mentem
1957 1790 2085 1836 non
2129 1779 2415 1851 venerat,
2470 1771 2626 1864 ipsis

362 1883 571 1940 autem
612 1875 789 1940 locus
833 1875 1101 1940 Homeri
1158 1875 1249 1939 illi
1293 1874 1666 1960 Vergiliano
1676 1923 1695 1955 ,
1719 1896 1939 1960 quem
1981 1874 2145 1938 forte
2188 1876 2505 1961 legebant,
2561 1879 2628 1943 in

363 1981 723 2046 universum
769 1982 1016 2063 similis,
1070 1982 1133 2045 in
1190 1982 1378 2045 rebus
1434 1981 1695 2066 singulis
1752 1980 2041 2046 diversus
2098 1991 2284 2048 notus
2332 1992 2491 2065 erat,
2547 1985 2627 2050 de

361 2109 438 2151 eo
483 2088 574 2152 ita
617 2087 1051 2168 admonerent,
1106 2096 1178 2150 ut
1229 2086 1388 2151 illud
1440 2086 1843 2167 vocabulum,
1899 2087 2070 2173 quod
2114 2078 2443 2174 Vergilius
2497 2114 2626 2155 non

362 2200 648 2258 accurate
692 2192 1046 2258 reddidisse
1092 2193 1458 2274 videbatur,
1510 2193 1576 2256 in
1632 2193 1908 2279 linguam
1960 2194 2217 2258 latinam
2261 2219 2517 2262 versum
2561 2197 2625 2261 in

361 2300 493 2366 suis
540 2300 860 2366 codicibus
907 2300 1349 2366 adscriberent.
1438 2287 1589 2364 HcO
1632 2300 1822 2364 modo
1871 2303 2101 2385 longus
2155 2302 2220 2365 in
2264 2302 2632 2394 Mediceum

363 2408 614 2472 venisse
660 2415 846 2492 puto;
899 2429 1028 2471 non
1083 2406 1250 2470 enim
1293 2427 1552 2492 possum
1606 2406 1760 2470 mihi
1804 2406 2210 2492 persuadere,
2265 2408 2626 2474 Mediceum

361 2514 572 2599 potius
619 2513 1008 2598 sequendum
1055 2536 1193 2578 esse
1240 2536 1427 2599 quam
1457 2522 1699 2578 ceteros
1732 2511 1981 2578 codices
2012 2514 2171 2577 miro
2204 2537 2514 2579 consensu
2562 2525 2631 2581 et

363 2619 530 2683 inter
594 2641 662 2683 se
725 2627 790 2683 et
852 2642 994 2683 cum
1056 2619 1325 2684 testibus
1389 2619 1664 2704 antiquis
1729 2627 1979 2706 praeter
2031 2619 2427 2684 Macrobium
2482 2644 2631 2686 con-

361 2724 641 2806 iunctos3
698 2749 845 2790 nam
899 2727 952 2790 si
1011 2728 1240 2810 lorcyus
1295 2748 1333 2790 a
1375 2726 1913 2812 poetascriptum
1959 2733 2154 2805 esset,
2208 2748 2338 2790 non
2392 2727 2631 2810 dubito,

364 2832 516 2917 quin
572 2841 821 2917 praeter
864 2832 1227 2896 Mediceum
1279 2855 1442 2896 unus
1499 2839 1565 2895 et
1618 2831 1775 2895 alter
1828 2830 2031 2895 codex
2083 2832 2244 2896 hanc
2297 2833 2632 2900 lectionem

366 2948 726 3004 servaturus
771 2938 976 3004 fuerit.

539 3044 742 3130 Atqui
788 3045 1002 3110 dicant
1042 3045 1311 3110 fortasse
1359 3043 1435 3124 ei,
1481 3044 1591 3130 qui
1638 3045 1868 3128 lonyus
1899 3043 2264 3128 defendunt,
2310 3041 2453 3110 cum
2498 3047 2631 3134 epi-

362 3151 584 3216 theton
617 3153 864 3236 lonyus,
911 3152 1020 3217 ubi
1052 3151 1280 3216 dicitur
1310 3150 1389 3216 de
1419 3160 1653 3231 monte,
1698 3173 1825 3214 non
1857 3151 1941 3216 sit
1970 3153 2288 3234 usitatum,
2326 3153 2632 3234 librariOS,

363 3266 475 3324 aut
518 3258 1000 3345 interpolatores
1054 3258 1427 3338 mutavisse,
1481 3255 1655 3342 quod
1706 3257 1863 3343 ipsis
1918 3266 2159 3322 rectum
2211 3282 2339 3323 non
2386 3259 2633 3324 videre-

363 3371 468 3430 tur
499 3372 612 3428 aut
655 3364 826 3449 quod
872 3388 1000 3428 non
1027 3364 1494 3449 intellegerent.
1561 3361 1692 3428 Sed
1722 3363 1999 3429 Hercule
2034 3368 2263 3450 lonyus
2308 3388 2434 3430 non
2466 3374 2638 3431 esset

366 3491 495 3536 vox
538 3479 668 3534 tam
711 3471 885 3551 mira,
931 3478 1003 3534 ut
1047 3493 1263 3535 omnes
1311 3470 1580 3551 codices,
1627 3492 1843 3540 omnes
1887 3478 2085 3535 testes
2130 3472 2287 3535 miro
2320 3495 2633 3538 consensu

364 3598 650 3661 maynus
692 3600 808 3664 pro
855 3600 931 3641 ea
973 3577 1311 3642 traderent.
1403 3576 1535 3641 Cur
1580 3577 1747 3641 enim
1791 3571 1919 3641 non
1963 3578 2125 3643 Aen.
2170 3577 2294 3642 XI.
2344 3581 2490 3644 544.

681 3699 834 3788 Ipse
883 3700 1025 3766 sinu
1063 3723 1216 3788 prae
1263 3723 1330 3766 se
1376 3709 1636 3788 portans
1668 3701 1814 3785 iuga
1856 3701 2043 3786 longa
2070 3702 2347 3788 petebat,

367 3797 754 3894 scripserunt
781 3829 1046 3892 mayna,
1094 3831 1237 3873 cum
1280 3808 1383 3872 hic
1427 3797 1679 3896 quoque
1724 3815 1969 3872 montes
2014 3808 2261 3893 „longi“
2289 3810 2637 3876 vocentur?

547 4068 598 4138 ¹)
643 4067 726 4126 De
777 4085 884 4139 qua
931 4087 992 4127 re
1027 4071 1298 4139 conferam,
1355 4084 1492 4138 quae
1525 4069 1856 4126 Ribbeekius
1892 4068 1950 4125 in
1985 4070 2380 4140 prolegomenis
2428 4069 2637 4127 criticis

365 4168 455 4229 pp.
496 4155 613 4214 112.
651 4156 766 4212 113.
809 4158 876 4215 de
911 4157 1370 4216 obtrectatoribus
1403 4157 1639 4229 Vergilii
1675 4156 2005 4229 conscripsit.

2252 4255 2329 4326 2*
