3125 4692
1584 279 1665 346 36

576 470 738 538 Aen.
790 471 910 541 VI.
961 475 1105 540 159.

805 577 873 643 It
917 601 1126 644 comes
1173 587 1239 646 et
1280 580 1538 667 paribus
1584 582 1749 646 euris
1795 582 2065 668 vestigia
2107 582 2243 668 figit

807 685 1017 751 Multa
1060 686 1225 751 inter
1269 709 1409 752 sese
1454 688 1632 752 vario
1680 711 1965 754 sermone
2012 689 2359 780 serebant..

488 790 572 857 P:
621 791 930 860 varioVE
973 801 1234 880 propter
1277 792 1615 881 VEstigia.

578 917 740 982 Aen.
786 915 912 986 VI.
959 921 1106 984 412.

1340 1025 1525 1090 simul
1571 1026 1798 1112 ancipit
1842 1027 2024 1092 alveo

808 1132 1142 1218 Ingentem
1185 1132 1466 1197 Aenean.
1513 1131 1775 1198 Gemuit
1820 1134 1938 1199 sub
1984 1131 2264 1220 pondere
2312 1134 2552 1198 cumba.

491 1237 573 1302 P:
620 1237 863 1303 ACsub
907 1247 1166 1326 propter
1209 1237 1503 1326 Accipit.

580 1361 741 1428 Aen.
791 1363 952 1436 VH.
1003 1367 1147 1429 157.

809 1471 946 1556 ipse
990 1470 1210 1534 humili
1256 1468 1544 1558 designat
1588 1471 1837 1536 moenia
1879 1472 2052 1536 fossa

811 1555 1201 1664 Moliturque
1246 1577 1453 1642 locum
1497 1579 1853 1665 primasque
1899 1578 1964 1642 in
2009 1578 2193 1642 litore
2240 1578 2424 1644 sedes

492 1680 600 1747 M:
649 1681 818 1748 eSSe
866 1691 1000 1769 (pro
1045 1683 1323 1768 ‚‚sedes“)
1369 1692 1630 1771 propter
1672 1683 1891 1750 foSSa.

580 1805 742 1872 Aen.
787 1806 952 1874 VII.
1000 1811 1146 1873 353.

808 1912 1208 2000 Inneetitque
1254 1937 1462 1980 eomas
1511 1923 1575 1980 et
1618 1914 1915 1980 membris
1959 1914 2235 1981 lubricus
2281 1923 2463 1980 errat.

814 2021 914 2084 Ae
959 2019 1110 2085 dum
1154 2020 1357 2108 prima
1393 2021 1536 2090 lues
1584 2071 1846 2088 .....

493 2125 605 2191 M:
651 2125 763 2190 Iac
807 2135 1067 2214 propter
1109 2127 1403 2194 Inneotit.

580 2251 742 2317 Aen.
789 2250 952 2320 VH.
1003 2254 1147 2317 707.

703 2359 954 2445 Agmen
999 2381 1190 2445 agens
1239 2357 1507 2425 Clausus
1552 2359 1885 2445 magnique
1930 2361 2067 2448 ipse
2114 2361 2377 2447 agminis
2423 2362 2637 2441 instar,

711 2465 978 2531 Claudia
1020 2488 1188 2531 nunc
1233 2489 1272 2530 a
1314 2489 1440 2552 quo
1486 2463 1863 2531 diffunditur
1908 2475 1975 2532 et
2016 2466 2218 2532 tribus
2263 2474 2329 2532 et
2370 2490 2525 2554 gens

494 2573 608 2638 M:
653 2571 911 2658 INgens
956 2580 1217 2661 propter
1259 2571 1510 2639 INstar.

581 2696 744 2762 Aen.
790 2695 990 2765 Vm.
1040 2697 1202 2779 346..

810 2802 1232 2889 Testaturque
1276 2803 1484 2869 locum
1529 2811 1596 2869 et
1638 2805 1836 2869 letum
1881 2804 2068 2870 docet
2113 2806 2386 2895 hospitis
2431 2805 2611 2893 Argi,

812 2913 987 2978 Hine
1032 2913 1113 2978 ad
1158 2910 1495 2996 Tarpeiam
1539 2909 1757 2976 sedem
1803 2919 1868 2976 et
1914 2911 2231 3000 Capitolia
2275 2912 2452 2977 ducit

495 3021 606 3085 M:
660 3020 1006 3105 Tarpeiam
1051 3018 1179 3082 ET
1211 3018 1513 3086 saedem
1557 3024 1835 3104 propter,
1880 3021 2095 3083 locum
2142 3019 2271 3083 ET
2307 3021 2619 3088 laetum.

582 3145 747 3210 Aen.
791 3143 918 3208 XI.
968 3145 1113 3207 541.

815 3249 1134 3313 Infantem
1177 3248 1425 3334 fugiens
1469 3247 1682 3313 media
1724 3249 1889 3314 inter
1931 3248 2172 3335 proelia
2214 3248 2363 3315 belli

818 3355 1090 3421 Sustulit
1134 3355 1323 3422 exilio
1369 3355 1662 3420 comitem
1705 3355 2046 3442 matrisque
2092 3355 2348 3420 vocavit

814 3463 1106 3528 Nomine.

496 3587 588 3654 P:
635 3587 907 3652 Loeavit
952 3590 1230 3672 (propter
1272 3586 1595 3671 proelia),
1641 3585 1839 3672 quod,
1885 3609 2028 3652 cum
2071 3587 2138 3651 in
2184 3584 2483 3652 Gudiano

500 3715 748 3780 quoque
793 3692 1053 3778 legatur,
1097 3693 1162 3757 in
1209 3692 1550 3778 archetypo
1596 3691 1869 3757 Palatini
1914 3701 1981 3758 et
2025 3690 2305 3758 Gudiani
2348 3691 2486 3758 fuit.

588 3816 751 3883 Aen.
795 3816 960 3882 XII.
1011 3819 1112 3883 96.

1457 3931 1522 3988 te
1567 3923 1875 3990 maximus
1920 3923 2139 4005 Actor,

820 4031 914 4096 Te
959 4030 1160 4096 Turni
1205 4052 1373 4096 nune
1417 4028 1643 4094 dextra
1684 4029 1862 4115 regit.
1907 4027 2015 4093 Da
2058 4037 2336 4096 sternere
2381 4049 2610 4114 corpus

501 4137 593 4206 P:
641 4137 782 4203 daT
824 4145 1085 4228 propter
1128 4136 1240 4203 Te.
